1320 2444
347 68 699 102 Communmmonum
721 64 794 98 Lm.
818 63 863 97 X.
1108 64 1174 101 381

47 170 185 205 gustare,
221 172 291 204 quo
314 158 441 192 scilicet
471 170 534 203 per
566 157 634 189 hoc
666 156 709 188 ab
733 155 772 189 iis
795 155 948 188 videatur
972 153 1097 187 auferri
1119 169 1176 188 su·-

46 222 161 268 spici0,
186 220 301 266 qua¹)
325 218 554 265 superstitiose
582 226 747 263 putantur
778 217 935 250 ciborum
967 216 1179 250 discretioni-

44 285 107 318 bus
127 283 316 317 inhaerere.
364 280 589 315 Considerent
611 291 777 324 namque,
799 278 1005 322 Apostolum
1028 292 1102 311 non
1126 279 1177 312 di-

43 344 141 378 xisse:
167 344 321 384 „bonum
333 342 371 387 2)
403 346 470 376 est“
500 341 708 375 manducare
739 350 770 373 et
799 338 918 372 bibere
940 339 1074 383 vinum3
1096 341 1181 374 sed:

43 419 138 447 „non
161 405 371 438 manducare
395 417 532 438 carnem
557 412 588 436 et
610 417 682 436 non
706 401 825 435 bibere
846 400 1002 441 vinum,“
1024 401 1052 435 si
1073 403 1110 436 in
1134 416 1176 436 eo

42 469 147 501 frater
171 466 368 500 offenditur.
413 466 534 499 Noluit
557 477 653 506 ergo,
689 472 727 497 ut
749 476 814 508 pro
839 461 908 503 his,
944 463 1003 507 qui
1030 464 1178 496 mandu-

45 529 192 562 candum
217 526 386 574 judicant,
419 537 557 570 cogatur
587 526 645 559 ille
676 525 719 558 ad
746 525 1035 565 manducandum,
1059 524 1117 570 qui
1141 525 1179 558 in

43 591 112 623 hoc
138 589 342 630 offenditur3
372 590 431 622 sed
462 602 526 634 pro
550 588 631 627 illo,
666 587 725 631 qui
748 600 819 620 non
844 596 941 631 putat
963 588 1177 620 manducan-

44 652 139 691 dum,
164 650 329 684 abstinere
353 650 519 695 praecipit
544 649 644 682 etiam
670 649 736 689 his,
767 648 874 693 qui3)
904 648 1057 694 judicant
1079 663 1179 683 man-

44 714 250 747 ducandum.
294 713 493 745 Verendum
517 723 665 755 namque
689 720 746 751 est,
774 723 818 743 ne
841 711 930 743 forte
953 711 1101 755 abrupto
1127 724 1180 744 se-

42 776 111 808 mel
134 787 235 807 muro
262 773 500 813 continentiae,
524 782 555 805 et
580 781 719 816 accepta
742 771 888 814 licentia,
912 771 949 804 in
975 774 1072 814 gulae
1095 786 1180 817 pro-

45 837 165 869 cellam
189 848 228 868 ac
251 835 466 880 profundum
490 833 642 867 luxuriae
666 833 860 872 decidatur,
896 842 928 866 et
949 834 1076 878 pariter
1098 835 1180 867 sub-

43 906 227 942 sequantur
249 895 424 937 naufragia
448 895 611 929 castitatis.
672 894 798 928 Omnia
822 894 921 936 igitur
944 895 1018 928 fieri
1043 905 1180 940 oportet

44 960 90 992 ob
116 959 200 998 hoc,
236 971 280 990 ne
311 958 501 990 destruatur
534 970 620 1001 opus
644 956 730 989 Dei:
766 965 797 988 et
821 956 899 989 ideo
926 957 1004 1001 et4)
1030 959 1178 991 mandu-

45 1022 196 1055 candum
221 1028 279 1060 est,
303 1018 329 1051 si
353 1019 389 1051 in
413 1018 481 1051 hoc
505 1019 608 1051 frater
632 1017 844 1051 aedificatur:
870 1027 902 1050 et
918 1031 991 1051 non
1011 1028 1057 1051 est
1081 1032 1179 1052 man-

44 1082 253 1120 ducandum,
276 1078 302 1112 si
326 1093 388 1124 per
403 1080 470 1113 hoc
490 1093 563 1112 non
578 1079 694 1112 crescit
719 1092 804 1123 opus
828 1078 910 1111 Dei:
935 1088 966 1112 et
988 1079 1179 1113 bibendum

44 1153 100 1183 est,
124 1143 151 1176 si
175 1155 237 1186 per
260 1141 328 1173 hoc
352 1141 487 1185 proficit
510 1142 612 1173 frater
631 1142 674 1173 ad
689 1141 810 1173 fidem:
836 1149 867 1173 et
890 1154 962 1173 non
987 1151 1034 1174 est
1056 1141 1180 1174 biben-

44 1207 139 1245 dum,
161 1204 189 1237 si
212 1216 275 1248 per
298 1202 365 1236 hoc
389 1204 493 1236 frater
508 1203 673 1235 damnum
688 1201 778 1242 fidei,
803 1203 909 1247 aut5)
934 1211 970 1235 tu
995 1203 1180 1236 detrimen-

43 1276 116 1300 tum
141 1265 283 1298 caritatis
306 1265 469 1298 incurras.

133 1327 165 1360 4.
190 1327 273 1360 Post
296 1326 378 1358 haec
404 1325 503 1359 dicit:
525 1326 631 1370 „tu⁶)
664 1327 787 1366 fidem,
830 1340 931 1371 quam
955 1327 1059 1361 habes
1084 1330 1179 1373 apud

44 1398 147 1423 temet
169 1388 292 1433 ipsum,
316 1388 404 1420 habe
429 1400 545 1420 coram
569 1387 681 1422 Deo.“
736 1388 858 1421 Fidem
889 1388 943 1421 hie
968 1389 1060 1422 illam
1086 1390 1179 1431 dicit,

45 1465 110 1496 qua
144 1449 251 1483 credit
292 1449 365 1494 quis
400 1449 610 1482 manducare
641 1450 774 1489 omnia,
814 1449 901 1483 sicut
936 1464 1039 1495 supra
1078 1452 1178 1485 dixit:

44 1511 199 1555 ‚‚alius⁷)
231 1510 337 1545 credit
369 1511 579 1544 manducare
610 1512 764 1544 omnia:“
793 1511 850 1544 ille
882 1512 953 1545 sine
977 1513 1095 1553 dubio,
1121 1514 1180 1558 qui

47 1574 161 1612 credit,
186 1573 329 1618 quodss)
354 1572 439 1605 nihil
462 1572 498 1605 in
524 1573 683 1622 creaturis
706 1573 774 1606 Dei
789 1586 982 1615 commune,
1005 1575 1091 1608 nihil
1113 1577 1179 1610 im-

44 1636 212 1668 mundum
243 1634 294 1668 sit.
348 1633 464 1677 Sed9)
492 1634 617 1667 sufficit
645 1635 726 1675 tibi,
753 1634 880 1679 inquit,
911 1635 1039 1668 hahere
1063 1649 1179 1670 coram

140 1746 174 1792 ¹)
198 1747 262 1780 Ed.
290 1746 340 1779 M.
364 1745 412 1778 II:
437 1743 524 1790 quia.
617 1744 654 1789 ²)
679 1744 780 1778 Rom.
806 1745 901 1785 XIV,
924 1748 979 1781 21.

137 1802 174 1846 ³)
198 1802 285 1835 Edd.
310 1800 465 1834 Merlini:
491 1801 549 1845 qui
573 1802 852 1834 manducandum
881 1801 1043 1847 judicant.

137 1859 173 1902 ⁴¹)
197 1858 288 1891 Editi
296 1858 342 1903 (e.
353 1871 379 1890 c.
391 1858 468 1890 edd.
477 1856 544 1900 M.)
555 1871 561 1889 ε
574 1857 693 1897 „etiam
703 1858 980 1893 manducandum
991 1864 1057 1893 est“
1066 1870 1127 1897 etc.
1138 1862 1177 1895 R.

139 1913 173 1959 ⁵)
199 1915 283 1948 Msc.
310 1913 388 1954 Reg.
411 1926 505 1945 num.
530 1913 626 1947 1639.
656 1923 734 1953 „aut
770 1915 1010 1948 detrimentum
1036 1918 1178 1951 caritatis

44 1959 226 1992 incurrat.“
280 1959 349 1991 Sed
374 1957 474 1990 ceteri
498 1958 598 1997 Bffss„
622 1958 793 2000 Rabanus,
818 1969 849 1993 et
872 1961 952 1994 editi
975 1961 1021 2005 (ν.
1048 1976 1075 1995 c.
1100 1964 1177 1996 edd.

44 2003 114 2048 M.)
138 2014 174 2036 ut
199 2004 234 2036 in
258 2012 376 2036 nostro
401 2012 500 2035 textu.
526 2002 566 2035 R.

137 2059 174 2101 6)
201 2060 300 2092 Rom.
323 2059 416 2098 XIV,
440 2059 494 2092 22.
591 2059 626 2103 ⁷)
651 2060 752 2093 Rom.
777 2060 870 2102 XIV,
893 2063 924 2095 2.

138 2113 175 2158 8)
199 2114 287 2147 Edd.
313 2115 467 2147 Merlini:
502 2117 596 2160 quod
627 2117 662 2149 in
699 2117 858 2151 creaturis
882 2117 948 2151 Dei
972 2118 1057 2151 nihil
1083 2133 1177 2153 com-

45 2172 158 2198 mune,
183 2159 265 2192 nihil
292 2169 349 2192 etc.

138 2216 175 2259 ⁹)
201 2215 378 2248 Omittitur
401 2216 435 2248 in
462 2216 556 2249 editis
584 2217 630 2261 (v.
657 2232 683 2251 c.
710 2219 786 2255 edd.
811 2218 895 2265 M.:)
920 2219 1042 2261 ,‚Sed.“
1066 2220 1178 2254 Raba-

46 2273 109 2294 nus
133 2261 236 2294 habet
261 2261 356 2303 ,‚Et,“
379 2275 460 2306 pro:
485 2262 605 2303 „Sed.“
628 2262 668 2295 R.
