1320 2444
158 89 227 124 348
432 85 611 121 Omcssms
634 96 674 121 m
695 86 758 120 Ep,
783 94 831 120 An
857 87 1035 122 Rommos

158 178 288 223 dem¹)
312 191 378 223 pro
403 178 517 211 fructu
541 177 792 217 continentiae,
823 179 865 211 ab
897 178 964 211 hoe
995 190 1074 211 vero
1105 190 1170 222 pro
1193 177 1298 212 liber-

158 250 226 274 tate
249 240 415 274 vescendi.
465 241 532 273 Sed
547 239 584 283 2)
609 239 792 283 quoniam,
814 249 852 272 ut
873 240 909 273 in
935 240 1162 274 anterioribus
1187 249 1299 274 osten-

158 303 280 342 dimus,
303 302 512 348 profundior
534 301 703 334 invenitur
727 301 884 346 Apostoli
916 315 1047 342 sensus,
1073 314 1175 346 quam
1202 301 1299 334 cibo-

155 378 232 398 rum
269 364 455 397 carnalium
487 363 573 396 ratio
609 363 777 402 eontinet,
815 363 852 395 in
881 363 1045 407 spirituali
1077 362 1297 407 expositione,

154 427 345 460 secundum
378 439 433 465 ea,
472 438 557 469 quae
590 438 693 470 supra
727 422 944 457 disseruimus
977 426 1019 457 de
1042 424 1110 464 his,
1149 436 1298 468 quorum

155 488 289 532 aliu53)
324 501 463 520 omnem
499 487 606 527 diem,
643 486 726 519 alius
758 498 838 517 vero
878 487 1023 520 alternos
1056 485 1186 532 judicat
1218 484 1298 525 dies,

153 563 334 594 possumus
358 549 443 581 illud
469 549 608 588 sentire,
639 548 732 592 quod
758 547 794 579 in
820 546 1004 592 Scripturis
1030 547 1149 580 divinis
1172 559 1299 579 unum—

155 612 320 656 quodque
347 610 552 655 capitulum‚
584 609 618 641 in
653 622 721 653 quo
748 610 871 650 dogma
895 608 1027 653 pietatis
1052 617 1084 641 et
1107 608 1189 641 fidei
1213 620 1298 640 con-

154 672 289 712 tinetur,
316 674 385 705 dics
411 671 551 704 dicatur.
599 670 687 703 Vere
719 670 809 703 enim
835 670 904 704 dies
937 680 1000 710 est,
1032 670 1090 714 qui
1103 669 1140 713 4)
1170 667 1297 702 illumi-

153 744 212 767 nat
236 743 397 773 mentem,
422 732 480 776 qui
498 732 709 773 ignorantiae
732 733 887 764 tenebras
904 734 1005 773 fugat,
1029 732 1088 776 qui
1114 730 1296 770 Christum,

154 796 214 840 qui
237 795 337 840 ⁵01⁵)
363 804 409 827 est
433 792 587 839 justitiae,
614 794 715 827 habet
739 793 819 837 infi)
844 806 923 827 sese.
971 793 1008 825 Si
1041 793 1114 838 quis
1141 805 1220 834 ergo
1245 792 1296 832 sit,

154 857 214 902 qui
244 858 289 891 ita
323 856 442 889 divinis
476 855 578 888 literis
621 868 759 899 operam
790 856 967 900 impendat
998 868 1036 887 ac
1061 854 1228 896 studium,
1259 863 1298 886 ut

155 933 294 953 omnem
327 918 417 950 diem
453 927 484 950 et
519 930 657 949 omnem
681 930 815 950 sensum
840 917 1035 961 Scripturae
1069 916 1203 948 divinae
1229 915 1296 948 dis-

155 982 259 1014 cutiat
283 990 315 1013 et
339 978 512 1024 dijudicet,
536 980 580 1012 ita
606 988 644 1011 ut
667 992 738 1011 non
763 991 840 1010 eum
859 987 1005 1011 transeat
1018 979 1060 1010 de
1083 979 1155 1018 lege
1179 976 1295 1023 jota7)

152 1056 262 1075 unum
285 1042 338 1074 vel
363 1054 451 1073 unus
476 1053 570 1085 apex,
596 1040 651 1073 hic
678 1052 817 1072 omnem
834 1039 922 1072 diem
938 1038 1108 1072 videbitur
1131 1038 1292 1084 judicare.

155 1104 228 1148 Qui
253 1113 365 1136 autem
388 1116 460 1135 non
487 1112 531 1135 est
557 1111 669 1135 tantus
693 1100 849 1143 ingenio,
876 1101 1038 1140 alternos,
1062 1100 1099 1133 id
1123 1109 1186 1140 est,
1209 1113 1294 1145 pau-

154 1178 211 1199 cos
236 1179 274 1198 ex
299 1164 412 1197 multis
438 1163 597 1209 capietss)
629 1176 759 1203 sensus,
795 1162 852 1207 qui
881 1162 909 1195 si
936 1175 1009 1194 non
1033 1163 1076 1196 ad
1107 1161 1292 1206 plenitudi-

152 1241 233 1261 nem
265 1226 424 1260 scientiae
455 1225 642 1265 sufficiant,
675 1233 707 1257 at
740 1233 828 1257 certe
857 1224 916 1268 qui
948 1225 991 1256 ad
1020 1236 1188 1257 summam
1213 1223 1293 1256 fidei

153 1289 228 1323 satis
252 1290 326 1322 siut.
375 1287 528 1332 Uterque
560 1299 638 1329 ergo
673 1286 862 1320 secundum
876 1285 912 1329 ⁹)
945 1285 1184 1330 Apostolieum
1209 1298 1291 1318 con—

249 1433 282 1476 Ι)
307 1434 391 1466 Msc.
422 1433 502 1473 Reg.
534 1445 628 1464 num.
662 1431 759 1466 1639.
789 1430 930 1465 restituit
962 1431 1153 1475 ‚‚quidem.“
1185 1429 1224 1461 R.
1251 1427 1305 1454 —'

151 1480 258 1512 Deest
282 1479 464 1522 ‚‚quIdem“
488 1477 523 1509 in
549 1478 624 1509 edd.
651 1477 697 1510 M.

243 1535 280 1578 2)
306 1534 389 1566 Msc.
413 1533 492 1573 ch.
518 1545 610 1565 num.
635 1531 733 1566 1639.
758 1532 848 1571 „Sed
871 1530 1034 1575 quoniam
1052 1530 1088 1564 in
1113 1530 1292 1564 anteriori—

150 1583 214 1614 bus
240 1581 465 1615 ostendimus,
503 1579 597 1621 quod
628 1578 856 1621 profundior“
889 1587 949 1609 etc.
997 1578 1044 1609 At
1078 1577 1178 1610 ceteri
1201 1575 1292 1615 Mss„

149 1627 325 1664 Rabanus,
351 1634 382 1657 et
407 1623 485 1655 editi
511 1630 557 1667 (ν.
583 1636 608 1655 c.
635 1624 711 1655 cdd.
735 1622 804 1667 BL)
829 1631 866 1655 ut
889 1622 925 1655 in
950 1630 1049 1654 textu.
1077 1621 1118 1654 R.

241 1682 278 1725 ³)
305 1681 374 1713 cfr.
398 1680 499 1711 Rom.
525 1679 619 1718 xlv,
642 1680 673 1713 5.

244 1738 281 1781 4)
306 1737 389 1769 Msc.
422 1736 501 1776 Reg.
532 1749 625 1767 num.
664 1735 761 1770 1639.
798 1734 896 1778 „quia
929 1732 1098 1766 illuminat
1129 1742 1287 1771 mentem,

177 1783 230 1815 nia
245 1782 456 1822 ignorantiae
476 1801 515 1806 -
542 1782 644 1821 fugat,
671 1781 749 1824 quia
776 1779 969 1811 Ctiristunr‘
995 1788 1055 1811 etc.
1094 1778 1163 1811 Sed
1189 1777 1287 1810 ceteri

148 1828 241 1868 Issss„
264 1827 436 1866 Rabanus,
462 1836 492 1859 et
512 1826 591 1859 editi
614 1825 660 1869 (v.
675 1838 702 1858 c.
720 1826 794 1857 edd.
816 1824 880 1866 M.)
893 1833 930 1856 ut
947 1824 982 1856 in
1001 1832 1119 1857 nostro
1134 1832 1232 1856 textu.
1248 1822 1286 1854 R.

244 1882 280 1927 ⁵)
306 1883 452 1915 Blalach.
479 1883 537 1922 IV,
561 1882 591 1914 2.

245 1938 281 1983 ⁶)
306 1938 393 1971 Edd.
420 1937 575 1970 Mei-lini:
602 1936 635 1969 in
661 1949 704 1969 se.
730 1935 766 1969 Si
792 1935 867 1981 quis
892 1945 952 1969 etc.

244 1995 281 2039 7)
309 1993 380 2027 Cfr.
404 1994 523 2026 Matth.
549 1993 589 2033 V,
615 1991 667 2025 18.

243 2051 281 2095 ὃ)
306 2049 362 2082 Sic
400 2050 484 2081 Msc.
523 2049 603 2090 Reg.
633 2061 727 2080 num.
767 2048 862 2081 1640.
932 2047 1044 2081 Ceteri
1084 2059 1165 2080 vero
1197 2046 1285 2084 Mss„

150 2098 330 2134 Rabanus,
362 2104 394 2127 et
425 2094 505 2127 editi
535 2094 581 2137 (v.
614 2107 642 2130 c.
675 2094 749 2126 edd.
785 2093 869 2137 M.):
901 2093 1033 2137 „capiat
1055 2092 1118 2137 (al.
1143 2092 1284 2136 capiet)

149 2155 279 2180 sensus,
311 2149 343 2173 et
365 2140 392 2173 si
415 2152 486 2172 non
513 2139 569 2183 qui
595 2139 637 2171 ad
660 2138 907 2182 plenitudinem
930 2137 1086 2172 scientiae
1108 2136 1285 2175 sufficiant,

151 2198 183 2220 at
209 2196 298 2220 certe
322 2184 380 2230 qui
405 2186 447 2217 ad
471 2197 637 2216 summam
669 2183 750 2216 fidei
779 2183 855 2217 satis
879 2184 944 2216 sint
970 2184 1080 2228 (editi,
1102 2196 1130 2215 v.
1155 2195 1183 2215 c.
1207 2181 1283 2215 edd.

150 2231 358 2276 Mqfiunc).
384 2230 556 2274 Uterque“
581 2238 640 2261 etc.
665 2227 706 2261 R.

244 2286 282 2329 ⁹)
306 2285 396 2319 Editi
435 2286 480 2329 (v.
514 2298 539 2318 c.
575 2285 649 2319 edd.
680 2284 767 2329 Μ.);
807 2285 1012 2328 „secundum
1045 2281 1285 2329 Apostolicum
