1320 2444
129 86 198 122 438
402 85 582 121 Omonms
605 97 644 120 m
666 86 729 120 Ep,
754 96 802 120 An
827 87 1008 122 Rommos

130 178 239 222 Quod
270 189 351 211 vero
384 177 469 211 nihil
502 177 580 223 ei¹)
610 177 722 212 laudis
753 178 948 223 adscripsit,
978 179 1104 224 illast)
1137 178 1275 224 opinor,

130 248 178 272 est
202 252 320 279 causa,
346 239 425 284 quia
448 239 600 280 videtur,
622 239 708 273 sicut
731 239 897 285 scriptura
921 241 980 274 illa
1007 241 1174 282 declarat,
1196 250 1276 286 post

129 302 236 334 multa
260 311 399 346 peccata
424 302 468 334 ad
492 302 738 346 poenitentiam
755 301 856 335 fuisse
873 315 1071 336 conversus:
1086 301 1123 348 3)
1141 312 1172 336 et
1193 303 1273 336 ideo

127 376 242 407 neque
254 363 291 408 4)
317 364 547 409 opprobrium
569 363 598 396 ei
615 364 756 408 aliquod
774 365 921 408 scripsit:
947 364 1159 408 didicerat⁵)
1184 365 1275 398 enim

93 465 97 470 .
129 439 147 458 a
175 425 372 470 Scriptura,
411 439 484 458 non
522 425 761 470 improperare
792 426 926 460 homini
958 426 1168 460 convertenti
1198 440 1233 460 se
1257 440 1276 459 a

128 497 290 532 peccato:
321 501 433 532 neque
466 487 575 521 laudis
608 487 738 532 aliquid
768 487 903 529 tribuit,
935 489 1014 533 quia
1045 489 1158 522 adhuc
1183 488 1275 533 posi-

127 559 180 583 tus
194 550 230 594 6)
255 559 326 582 crat
350 550 413 582 sub
439 550 560 592 angelo
586 549 832 594 poenitentiae,
868 564 886 583 a
921 563 990 595 quo
1021 560 1179 595 tempore
1211 563 1275 595 op-

128 621 283 656 portuno
318 611 454 645 Christo
488 612 674 655 rursum7)
710 613 851 645 deberet
881 613 1010 646 offerri.
1074 611 1276 653 Intelligitur

128 683 254 714 autem,
280 675 376 718 quod
400 673 501 707 simul
525 673 751 707 habitaverint
775 674 829 715 hi,
863 688 1012 719 quorum
1036 673 1193 708 salutatio
1219 686 1275 707 so-

129 735 213 768 ciata
242 745 298 770 est.

219 799 274 832 32.
300 797 521 843 ,‚Salutate⁶³)
540 797 763 840 Philologum
781 808 810 831 et
827 798 966 838 Juliam‚
986 799 1136 831 Nereum
1162 807 1194 830 et
1217 810 1272 830 so-

128 872 243 892 rorem
270 859 356 904 ejus,
391 870 423 892 et
447 859 652 906 Olympum,
678 869 709 892 et
736 873 854 893 omncs
877 870 1021 900 sanctos,
1049 860 1108 904 qui
1132 873 1210 892 cum
1235 859 1274 893 iis

127 925 237 955 sunt.“
268 921 383 954 Potest
399 922 482 961 fieri,
506 932 542 954 ut
556 921 758 963 Philologus
774 931 805 954 et
827 922 919 954 Julia
944 920 1105 967 conjuges
1126 921 1271 954 fuerint:

129 982 231 1016 ceteri
256 982 434 1016 domestici
459 997 591 1023 corum,
617 984 660 1016 ad
680 996 766 1028 quos
782 983 924 1028 simplex
936 983 1092 1017 salutatio
1111 983 1275 1025 dirigitur.

217 1046 273 1081 33.
297 1046 471 1086 „Salutate
485 1045 521 1089 ⁹)
552 1045 697 1078 invicem
722 1045 758 1078 in
784 1047 902 1078 osculo
932 1049 1083 1079 sancto.“
1128 1045 1181 1078 Ex
1205 1046 1273 1078 hoc

128 1120 307 1148 sermone,
336 1107 549 1152 aliisque¹⁰)
581 1109 756 1141 nonnullis
792 1107 975 1148 similibus,
1011 1121 1087 1141 mos
1126 1107 1273 1141 ecclesiis

126 1170 270 1203 traditus
295 1179 352 1209 est,
379 1179 414 1202 ut
439 1180 517 1215 post
532 1170 703 1203 orationes
719 1170 837 1202 osculo
863 1182 898 1202 se
920 1169 1065 1203 invicem
1088 1169 1275 1214 suscipiant

125 1233 256 1265 fratres.
305 1231 382 1265 Hoc
408 1242 519 1265 autem
547 1233 703 1265 osculum
731 1240 883 1265 sanctum
903 1231 1053 1276 appellat
1076 1231 1274 1276 Apostolus.

128 1295 210 1339 Quo
234 1295 378 1328 nominc
402 1294 487 1327 illud
513 1293 687 1338 docet¹¹)
712 1292 846 1338 primo,
876 1302 913 1325 ut
945 1301 1033 1326 casta
1056 1293 1123 1326 sint
1147 1293 1274 1333 oscula,

223 1419 259 1461 ¹)
284 1417 376 1450 Edisti
399 1418 447 1462 (e.
473 1431 498 1449 c.
525 1417 601 1449 edd.
625 1415 709 1460 Ma)
734 1416 794 1456 „iis
809 1415 918 1449 laudis
931 1415 1129 1459 adscripsit“
1154 1425 1215 1449 etc.
1230 1415 1272 1449 R.

220 1474 260 1518 2)
282 1474 362 1507 Mss.
387 1473 541 1518 plerique
564 1472 734 1516 (itemque
759 1473 809 1505 ed.
836 1473 885 1506 M.
910 1472 970 1516 Ι.);
1005 1471 1104 1512 ‚‚illa‚
1135 1473 1272 1516 opinor,

128 1534 165 1553 cx
191 1524 321 1553 causa.“
368 1519 450 1551 Msc.
476 1531 579 1550 unus:
604 1518 693 1556 ‚‚illa‚
718 1527 755 1549 ut
779 1517 917 1562 opinor,
942 1522 1071 1551 causa-‘⁶
1118 1518 1187 1551 Sed
1204 1516 1271 1549 Ra-

126 1567 247 1605 banus,
273 1574 304 1598 et
331 1564 410 1597 editi
435 1566 482 1608 (V.
510 1577 537 1597 c.
563 1564 641 1596 cdd.
670 1562 739 1607 Μ.)
764 1572 800 1594 ut
824 1562 861 1595 in
884 1572 1003 1596 nostro
1027 1571 1130 1600 textu,
1155 1562 1195 1596 R.

222 1621 258 1666 ³)
284 1622 375 1658 Edd,
400 1619 555 1653 Merlini:
583 1632 795 1652 conversum.

220 1677 257 1723 ⁴)
283 1678 371 1710 Edd.
397 1676 554 1709 Men-lini:
578 1689 642 1708 nce
667 1675 897 1719 opprobrium
923 1685 983 1709 etc.

220 1734 257 1778 5)
281 1734 369 1767 Edd.
395 1733 550 1766 Merlini:
585 1731 774 1772 „didicerat
806 1731 894 1763 enim
921 1731 1153 1776 Scripturam,
1177 1736 1272 1765 non“

128 1791 190 1814 ctc.
215 1799 258 1805 ——
285 1779 354 1812 Cfr.
383 1779 463 1822 Sap.
490 1778 595 1810 Sirac.
622 1777 711 1816 Vlll,
735 1777 766 1809 5.
792 1775 1055 1821 (Ecclesiastic.)

221 1836 258 1879 ὃ)
285 1835 341 1868 Sic
383 1836 466 1867 Msc.
499 1833 580 1875 ch.
612 1847 705 1866 num.
739 1833 837 1867 1639.
872 1842 903 1864 et
935 1832 1015 1865 editi
1048 1832 1096 1877 (v.
1131 1847 1159 1865 c.
1194 1834 1270 1866 edd.

125 1881 295 1925 Merlini).
336 1880 498 1913 Rabanus
520 1879 653 1912 vitiose:
686 1879 817 1921 „posita
854 1887 924 1910 crat
947 1879 1010 1910 sub
1038 1879 1159 1919 angelo
1186 1891 1271 1922 poc-

124 1927 298 1960 nitentia.“
337 1925 449 1958 Ceteri
480 1938 560 1958 vero
594 1923 672 1956 Mss.
705 1923 856 1967 „positus
890 1933 960 1956 erat
992 1924 1055 1957 sub
1089 1924 1209 1965 angelo
1233 1923 1270 1956 iu

123 1971 367 2018 poenitentia.“
394 1970 432 2003 R.

220 2027 256 2072 7)
280 2027 367 2059 Edd.
394 2026 551 2059 Meu-lini:
579 2039 692 2058 rursus
717 2025 856 2058 deberet
881 2033 941 2057 etc.

218 2084 256 2128 8)
281 2083 382 2116 Rom.
408 2083 500 2122 XVI,
526 2084 577 2116 15.
598 2102 639 2107 --
662 2081 752 2115 Edd.
777 2080 826 2114 M.
852 2089 885 2114 et
907 2081 947 2114 R.
971 2079 1269 2128 „Olympiadem.“

219 2140 257 2184 9)
281 2140 384 2172 Rom.
409 2139 501 2177 XVI,
527 2139 579 2173 16.

197 2197 257 2239 ¹⁰)
280 2196 371 2228 Edd.
395 2194 552 2228 Merlini:
577 2204 608 2227 ct
632 2194 702 2228 aliis
726 2194 903 2228 nonnullis
927 2192 1092 2228 similibus
1118 2201 1178 2224 etc.

200 2253 257 2295 ἰ)
282 2251 459 2284 Rabauus:
486 2250 616 2290 ‚,dicit.“
636 2252 722 2284 B'Isc.
740 2251 820 2292 ch.
837 2264 929 2284 num.
949 2250 1045 2285 1639.
1071 2250 1265 2289 ,,ἆοεεῐιπ.“

127 2298 239 2332 Ceteri
264 2297 342 2331 Mss.
369 2307 399 2330 et
424 2296 502 2330 cdiii
526 2298 570 2339 (v.
598 2311 623 2330 c.
648 2298 723 2332 edd.
750 2296 836 2339 Μ),
862 2297 1015 2337 ‚,docet.··
1039 2293 1080 2328 R.
