1320 2444
161 62 229 98 374
432 60 609 96 Omossms
631 71 668 96 m
691 62 755 96 Ep,
779 69 828 96 An
854 62 1034 98 Rommos

163 152 273 186 aliena
297 152 382 186 haec
404 151 471 186 sint
494 165 513 186 a
537 165 643 195 regno
667 152 746 193 Dei,
770 161 803 185 et
827 153 870 186 ab
883 153 939 187 illa
966 154 1224 188 conversatione
1247 158 1299 190 fu-

162 213 261 248 tura?
284 213 336 247 lbi
361 213 450 247 enim
475 214 562 247 sicut
583 228 716 259 „neque
731 214 765 258 ¹)
788 215 944 255 nubunt,
977 229 1089 261 neque
1111 218 1300 259 nubuntur,

161 277 222 310 sed
243 285 322 309 sunt
343 276 430 310 sicut
453 277 562 319 angeli
580 277 648 310 Dei
658 281 687 309 :“
709 276 756 310 sic
771 289 882 321 neque
900 290 1019 318 escam,
1042 292 1154 323 neque
1177 288 1300 324 potum

160 347 312 378 sumunt,
334 339 393 371 sed
417 348 496 372 sunt
518 338 606 372 sicut
628 339 737 381 angeli
761 338 838 373 Dei.
875 339 1026 383 Igitur2)
1050 340 1300 374 absolutissimo

162 399 323 442 dogmate
362 410 394 433 et
427 401 574 434 evidenti
607 402 649 434 ab
689 401 857 445 Apostolo
888 401 1052 435 sententia
1082 401 1300 435 terminatum

162 470 230 501 est,
259 461 295 494 in
325 474 431 504 regno
456 462 523 496 Dei
547 476 659 507 neque
689 476 781 496 escas
806 463 1020 507 corporales,
1045 476 1157 507 neque
1179 472 1301 507 potum

161 522 290 555 habere
314 524 450 564 locum,
480 525 539 558 sed
562 523 721 570 justitiam
749 533 782 557 et
805 538 927 569 pacem
952 524 989 557 in
1013 524 1142 569 Spiritu
1166 533 1302 557 sancto:

162 593 195 617 et
217 584 297 617 ideo
323 585 490 626 hortatur,
513 594 551 619 ut
576 585 611 619 in
634 586 698 620 illis
721 599 786 618 nos
812 598 1043 625 exerceamus,
1075 595 1107 618 ct
1128 586 1186 619 illa
1209 587 1303 619 bona

160 644 230 691 jam
256 645 312 679 hic
337 647 464 680 habere
487 647 710 686 meditemur,
734 657 834 692 atque
858 647 951 680 illam
977 648 1198 682 substantiam
1222 661 1304 692 pos-

160 707 288 747 sidere,
318 720 405 752 quae
435 707 616 741 nobiscum
630 707 666 752 ³)
690 709 832 742 transire
856 709 963 753 possit
985 710 1028 743 ad
1060 721 1163 750 regna
1189 710 1304 742 coelo-

160 782 249 802 rum.
294 768 414 813 Pax⁴)
439 782 536 811 ergo,
570 779 601 802 et
624 768 765 815 justitia,
800 780 831 803 et
854 770 881 804 si
906 784 971 815 qua
997 770 1195 817 hujusmodi
1219 780 1306 811 sunt,

162 843 250 874 quae
272 843 334 875 per
358 830 523 876 Spiritum
540 841 692 865 sanctum
717 832 978 876 conquiruntur,
1003 833 1074 877 ipsa
1089 833 1189 866 nobis
1207 841 1306 866 erunt

160 891 255 926 cibus
281 901 313 925 et
335 893 521 926 substantia
545 893 579 925 in
605 906 710 935 regno
737 893 823 926 Dei:
848 902 882 926 et
904 894 982 927 ideo
1008 907 1071 938 per
1096 895 1180 927 haec
1205 896 1306 928 docet

159 966 233 986 non
259 967 412 987 escarum
439 954 673 999 corporalium
699 953 862 994 rationes,
897 967 983 999 quae
1007 957 1121 989 nullae
1147 965 1247 989 erunt
1269 956 1305 989 in

161 1016 289 1054 futuro,
314 1016 373 1048 sed
399 1016 562 1049 virtutum
588 1029 703 1049 curam
730 1017 931 1057 gerendam,
957 1030 1044 1061 quae
1068 1018 1249 1051 nobiscum
1275 1027 1305 1051 et

159 1074 193 1108 in
219 1077 389 1120 praesenti
412 1078 488 1119 vita,
513 1088 545 1111 et
568 1078 601 1111 in
618 1081 734 1112 futuro
748 1078 783 1123 ⁵)
800 1088 1023 1123 permaneant
1046 1079 1080 1112 in
1105 1092 1209 1121 regno
1225 1079 1304 1114 Dei.

159 1136 204 1170 Et
229 1137 307 1172 ideo
334 1139 431 1180 dicit,
457 1140 536 1185 quia
551 1140 586 1185 6)
623 1141 703 1185 „qui
726 1140 760 1173 in
787 1141 854 1174 hoc
879 1142 980 1174 servit
1005 1141 1161 1180 Christo,
1195 1142 1305 1186 placet

160 1198 250 1239 Deo,
276 1209 308 1233 et
330 1203 495 1245 probatus
520 1210 566 1235 est
590 1202 822 1236 hominib-us.‘⁴
861 1203 937 1236 Hoc
956 1212 1011 1243 est,
1038 1204 1132 1248 quod
1158 1212 1190 1236 et
1202 1203 1237 1247 ⁷)
1263 1204 1306 1236 dc

257 1300 292 1345 ¹)
316 1301 410 1335 Editi
435 1303 482 1347 (v.
510 1317 535 1337 c.
561 1303 636 1335 edd.
663 1302 741 1348 M),
766 1303 946 1344 Rabanus,
972 1314 1003 1337 et
1027 1305 1107 1339 Mss.
1132 1304 1304 1349 plerique:

159 1358 293 1389 „neque
316 1349 461 1387 nubent,
480 1360 592 1391 neque
607 1349 791 1388 nubentur,
812 1370 862 1388 —‚
877 1363 989 1394 neque
1004 1360 1125 1394 potum
1151 1353 1306 1383 sument“

161 1404 222 1426 etc.
271 1392 341 1424 Sed
367 1393 488 1425 rectius
512 1393 598 1426 Msc.
623 1393 703 1434 Reg.
729 1408 823 1428 num.
839 1396 935 1429 1639.
952 1396 1035 1428 utin
1061 1405 1178 1428 nostro
1204 1404 1306 1428 textu.

160 1439 200 1472 R.
226 1455 268 1461 —
296 1437 366 1470 Csr.
392 1438 512 1471 Manli.
538 1438 650 1477 XXH,
676 1440 730 1472 30.

256 1492 293 1537 2)
319 1492 375 1525 Sic
401 1503 492 1526 recte
515 1493 602 1527 Msc.
626 1493 707 1535 Reg.
732 1508 827 1527 num.
857 1495 955 1529 1639.
980 1504 1010 1528 et
1035 1496 1208 1530 Rabanus.
1256 1497 1304 1529 Ita

161 1540 260 1573 etiam
286 1537 387 1570 ceteri
412 1538 510 1578 Mss.,
546 1539 610 1572 nisi
645 1540 738 1583 quod
765 1540 929 1572 habeant:
962 1543 1024 1579 „ab
1050 1541 1207 1585 Apostoli
1232 1555 1308 1574 scn-

160 1583 296 1618 tentia.“
343 1583 435 1615 Editi
459 1596 539 1616 vero
564 1584 611 1628 (e.
638 1598 665 1616 c.
691 1586 767 1617 cdd.
793 1585 881 1627 MA)
905 1585 1031 1626 „Igitur
1055 1586 1306 1620 absolutissimo

162 1640 193 1662 et
218 1627 363 1661 evidenti
389 1628 548 1668 dogmate
573 1630 616 1661 ab
642 1630 799 1673 Apostoli
822 1630 986 1664 sententia
1011 1651 1064 1672 -—-,
1087 1631 1122 1664 in
1138 1652 1179 1657 —
1195 1644 1306 1676 neque

162 1688 251 1708 escas
278 1673 440 1712 carnales,
465 1688 577 1719 neque
600 1679 744 1719 potum“
770 1684 830 1708 etc.
857 1674 898 1708 R.

179 1776 186 1784 ο
203 1779 222 1795 u
256 1729 292 1775 ³)
317 1729 411 1805 Efiliti
435 1729 483 1774 (v.
510 1745 537 1764 c.
570 1731 648 1764 edd.
673 1730 758 1774 M.):
791 1731 993 1771 „nobiscum
1025 1731 1199 1766 transferri
1225 1745 1305 1776 pos-

191 1785 203 1809 t.
247 1785 308 1808 etc.
368 1801 372 1807 .

160 1791 188 1810 δι
256 1830 292 1874 ⁴)
318 1830 411 1863 Editi
436 1831 482 1875 (e.
510 1843 539 1882 c:
563 1832 640 1864 edd.
665 1831 744 1875 M),
770 1831 949 1872 Rabanus,
975 1841 1008 1865 et
1030 1833 1109 1867 Mss.
1133 1832 1304 1877 plerique:

161 1877 306 1918 „Pacem
336 1888 434 1915 (ἐι-ἕο,
467 1885 498 1908 et
529 1877 711 1921 justitiam‘*
744 1886 801 1909 etc.
850 1877 918 1910 Sed
953 1879 1075 1911 rectius
1107 1878 1191 1911 lec.
1224 1877 1303 1920 Reg-

161 1935 256 1955 num.
283 1920 380 1954 1639.
405 1930 441 1952 ut
463 1920 498 1953 in
525 1930 624 1954 textu.
652 1922 689 1956 R.

255 1976 292 2021 ⁵)
316 1976 405 2009 Edd.
430 1975 586 2009 Merlini:
611 1978 734 2010 futura.

255 2031 293 2076 ⁶)
318 2032 373 2065 Sic
399 2031 478 2063 editi
504 2032 551 2076 (e.
577 2045 603 2065 e.
631 2034 706 2066 edd.
727 2033 787 2073 M„
813 2047 899 2078 quae
913 2044 1026 2068 tamen
1043 2035 1188 2068 liabent:
1215 2034 1303 2079 quia

163 2078 228 2123 qui
249 2078 345 2110 enim
377 2077 416 2108 in
448 2075 516 2109 hoc
541 2079 656 2110 servit
681 2078 782 2122 cto),
819 2089 851 2112 et
875 2080 957 2114 Msc.
984 2081 1064 2121 Reg.
1088 2093 1182 2113 num.
1208 2080 1302 2115 1639.

161 2125 197 2157 in
223 2122 381 2165 singulari
406 2135 563 2156 numero.
611 2123 690 2156 Mss.
724 2137 804 2157 vero
836 2125 1010 2171 plerique:
1044 2125 1144 2169 „quia
1180 2125 1236 2168 qui
1268 2123 1301 2156 in

162 2169 232 2201 hoc
254 2167 404 2202 serviunt
428 2166 581 2206 Christo.
614 2169 751 2213 placent
775 2170 873 2210 Deo,
906 2181 937 2205 et
961 2170 1097 2216 probati
1120 2173 1218 2204 sunt“
1243 2178 1302 2202 etc.

162 2213 204 2246 R.
228 2233 273 2242 --
299 2212 369 2245 Cfr.
397 2212 494 2246 Rom.
520 2213 613 2253 XIV,
640 2214 693 2248 18.

260 2268 296 2312 ⁷)
321 2268 425 2301 Deest
449 2273 523 2311 ‚,et“
547 2269 582 2303 in
608 2270 684 2304 edd.
709 2270 762 2303 Μ,
