<?xml version="1.0" encoding="UTF-8"?>
<!DOCTYPE html PUBLIC "-//W3C//DTD XHTML 1.0 Transitional//EN"
    "http://www.w3.org/TR/xhtml1/DTD/xhtml1-transitional.dtd">
<html xmlns="http://www.w3.org/1999/xhtml" xml:lang="en" lang="en">
 <head>
  <title>
</title>
<meta http-equiv="Content-Type" content="text/html;charset=utf-8" />
  <meta name='ocr-system' content='tesseract 3.04.00' />
  <meta name='ocr-capabilities' content='ocr_page ocr_carea ocr_par ocr_line ocrx_word'/>
</head>
<body>
  <div class='ocr_page' id='page_1' title='image "./operaomniaquaegr07orig/operaomniaquaegr07orig_0271.png"; bbox 0 0 1377 2454; ppageno 0'>
   <div class='ocr_carea' id='block_1_1' title="bbox 292 73 1146 110">
    <p class='ocr_par' dir='ltr' id='par_1_1' title="bbox 292 73 1146 110">
     <span class='ocr_line' id='line_1_1' title="bbox 292 73 1146 110; baseline -0.001 0"><span class='ocrx_word' id='word_1_1' title='bbox 292 75 645 110; x_wconf 75' lang='lat' dir='ltr'>COMMENTARIORUM</span> <span class='ocrx_word' id='word_1_2' title='bbox 669 74 742 107; x_wconf 83' lang='lat' dir='ltr'>Lm.</span> <span class='ocrx_word' id='word_1_3' title='bbox 767 74 856 107; x_wconf 88' lang='lat' dir='ltr'>VIII.</span> <span class='ocrx_word' id='word_1_4' title='bbox 1077 73 1146 109; x_wconf 84' lang='lat'>253</span> 
     </span>
    </p>
   </div>
   <div class='ocr_carea' id='block_1_2' title="bbox 10 163 1145 1191">
    <p class='ocr_par' dir='ltr' id='par_1_2' title="bbox 10 163 1145 1191">
     <span class='ocr_line' id='line_1_2' title="bbox 16 163 1145 214; baseline -0.006 -12"><span class='ocrx_word' id='word_1_5' title='bbox 16 180 189 214; x_wconf 84' lang='lat' dir='ltr'>nunquam</span> <span class='ocrx_word' id='word_1_6' title='bbox 212 167 255 199; x_wconf 81' lang='lat' dir='ltr'>ab</span> <span class='ocrx_word' id='word_1_7' title='bbox 278 165 317 199; x_wconf 88' lang='lat' dir='ltr'>iis</span> <span class='ocrx_word' id='word_1_8' title='bbox 344 166 586 205; x_wconf 86' lang='lat' dir='ltr'>discessurum,</span> <span class='ocrx_word' id='word_1_9' title='bbox 608 177 716 209; x_wconf 85' lang='lat' dir='ltr'>usque</span> <span class='ocrx_word' id='word_1_10' title='bbox 733 163 766 208; x_wconf 88' lang='lat'>¹)</span> <span class='ocrx_word' id='word_1_11' title='bbox 789 164 853 205; x_wconf 82' lang='lat' dir='ltr'>„ad</span> <span class='ocrx_word' id='word_1_12' title='bbox 879 163 1145 196; x_wconf 77' lang='lat' dir='ltr'>consummatio-</span> 
     </span>
     <span class='ocr_line' id='line_1_3' title="bbox 17 226 1145 272; baseline -0.005 -9"><span class='ocrx_word' id='word_1_13' title='bbox 17 244 95 264; x_wconf 86' lang='lat' dir='ltr'>nem</span> <span class='ocrx_word' id='word_1_14' title='bbox 117 227 306 272; x_wconf 78' lang='lat' dir='ltr'>saeculi“²)</span> <span class='ocrx_word' id='word_1_15' title='bbox 332 227 429 260; x_wconf 76' lang='lat' dir='ltr'>dixit:</span> <span class='ocrx_word' id='word_1_16' title='bbox 455 228 500 260; x_wconf 86' lang='lat' dir='ltr'>ita</span> <span class='ocrx_word' id='word_1_17' title='bbox 525 236 556 259; x_wconf 87' lang='lat' dir='ltr'>et</span> <span class='ocrx_word' id='word_1_18' title='bbox 574 227 795 270; x_wconf 85' lang='lat' dir='ltr'>Apostolum:</span> <span class='ocrx_word' id='word_1_19' title='bbox 820 226 1054 270; x_wconf 84' lang='lat' dir='ltr'>„quamdiu³)</span> <span class='ocrx_word' id='word_1_20' title='bbox 1082 239 1145 267; x_wconf 85' lang='lat' dir='ltr'>ego</span> 
     </span>
     <span class='ocr_line' id='line_1_4' title="bbox 16 286 1145 334; baseline -0.005 -9"><span class='ocrx_word' id='word_1_21' title='bbox 16 304 88 325; x_wconf 89' lang='lat' dir='ltr'>sum</span> <span class='ocrx_word' id='word_1_22' title='bbox 113 289 296 334; x_wconf 85' lang='lat' dir='ltr'>Apostolus</span> <span class='ocrx_word' id='word_1_23' title='bbox 308 293 336 321; x_wconf 88' lang='lat'>:“</span> <span class='ocrx_word' id='word_1_24' title='bbox 362 288 479 321; x_wconf 83' lang='lat' dir='ltr'>dixisse</span> <span class='ocrx_word' id='word_1_25' title='bbox 499 302 562 332; x_wconf 87' lang='lat' dir='ltr'>pro</span> <span class='ocrx_word' id='word_1_26' title='bbox 580 302 721 332; x_wconf 81' lang='lat' dir='ltr'>semper,</span> <span class='ocrx_word' id='word_1_27' title='bbox 743 297 775 320; x_wconf 79' lang='lat' dir='ltr'>et</span> <span class='ocrx_word' id='word_1_28' title='bbox 796 287 866 319; x_wconf 79' lang='lat' dir='ltr'>sine</span> <span class='ocrx_word' id='word_1_29' title='bbox 883 287 957 320; x_wconf 82' lang='lat' dir='ltr'>line.</span> <span class='ocrx_word' id='word_1_30' title='bbox 997 286 1145 331; x_wconf 70' lang='lat' dir='ltr'>Quae⁴&gt;</span> 
     </span>
     <span class='ocr_line' id='line_1_5' title="bbox 15 348 1144 395; baseline -0.004 -10"><span class='ocrx_word' id='word_1_31' title='bbox 15 361 125 385; x_wconf 77' lang='lat' dir='ltr'>autem</span> <span class='ocrx_word' id='word_1_32' title='bbox 150 364 186 383; x_wconf 84' lang='lat' dir='ltr'>ex</span> <span class='ocrx_word' id='word_1_33' title='bbox 211 360 354 395; x_wconf 84' lang='lat' dir='ltr'>utraque</span> <span class='ocrx_word' id='word_1_34' title='bbox 377 350 480 394; x_wconf 87' lang='lat' dir='ltr'>recipi</span> <span class='ocrx_word' id='word_1_35' title='bbox 504 351 624 382; x_wconf 79' lang='lat' dir='ltr'>debeat</span> <span class='ocrx_word' id='word_1_36' title='bbox 649 348 822 393; x_wconf 75' lang='lat' dir='ltr'>expositio,</span> <span class='ocrx_word' id='word_1_37' title='bbox 847 348 1068 393; x_wconf 73' lang='lat' dir='ltr'>relinquimus</span> <span class='ocrx_word' id='word_1_38' title='bbox 1093 349 1144 380; x_wconf 86' lang='lat' dir='ltr'>le·-</span> 
     </span>
     <span class='ocr_line' id='line_1_6' title="bbox 14 410 1145 456; baseline -0.002 -11"><span class='ocrx_word' id='word_1_39' title='bbox 14 412 118 456; x_wconf 79' lang='lat' dir='ltr'>gcntis</span> <span class='ocrx_word' id='word_1_40' title='bbox 142 412 291 445; x_wconf 78' lang='lat' dir='ltr'>arbitrio.</span> <span class='ocrx_word' id='word_1_41' title='bbox 339 411 490 455; x_wconf 75' lang='lat' dir='ltr'>Igitur-⁵)</span> <span class='ocrx_word' id='word_1_42' title='bbox 516 410 678 455; x_wconf 76' lang='lat' dir='ltr'>quamdiu</span> <span class='ocrx_word' id='word_1_43' title='bbox 701 411 883 454; x_wconf 80' lang='lat' dir='ltr'><strong>Apostolus</strong></span> <span class='ocrx_word' id='word_1_44' title='bbox 909 419 957 442; x_wconf 85' lang='lat' dir='ltr'>est</span> <span class='ocrx_word' id='word_1_45' title='bbox 981 410 1145 443; x_wconf 75' lang='lat' dir='ltr'>Gentium</span> 
     </span>
     <span class='ocr_line' id='line_1_7' title="bbox 12 471 1145 515; baseline -0.002 -9"><span class='ocrx_word' id='word_1_46' title='bbox 12 474 147 512; x_wconf 83' lang='lat' dir='ltr'>Paulus,</span> <span class='ocrx_word' id='word_1_47' title='bbox 172 473 395 505; x_wconf 80' lang='lat' dir='ltr'>ministerium</span> <span class='ocrx_word' id='word_1_48' title='bbox 419 486 517 505; x_wconf 91' lang='lat' dir='ltr'>suum</span> <span class='ocrx_word' id='word_1_49' title='bbox 541 472 707 505; x_wconf 84' lang='lat' dir='ltr'>illustrare</span> <span class='ocrx_word' id='word_1_50' title='bbox 730 486 764 504; x_wconf 84' lang='lat' dir='ltr'>se</span> <span class='ocrx_word' id='word_1_51' title='bbox 790 471 886 504; x_wconf 81' lang='lat' dir='ltr'>dicit:</span> <span class='ocrx_word' id='word_1_52' title='bbox 912 481 944 503; x_wconf 85' lang='lat' dir='ltr'>et</span> <span class='ocrx_word' id='word_1_53' title='bbox 969 471 1051 515; x_wconf 84' lang='lat' dir='ltr'>quid</span> <span class='ocrx_word' id='word_1_54' title='bbox 1075 481 1145 504; x_wconf 83' lang='lat' dir='ltr'>tam</span> 
     </span>
     <span class='ocr_line' id='line_1_8' title="bbox 15 533 1143 579; baseline -0.001 -12"><span class='ocrx_word' id='word_1_55' title='bbox 15 535 161 577; x_wconf 83' lang='lat' dir='ltr'>dignum,</span> <span class='ocrx_word' id='word_1_56' title='bbox 188 548 288 579; x_wconf 81' lang='lat' dir='ltr'>quam</span> <span class='ocrx_word' id='word_1_57' title='bbox 312 544 350 567; x_wconf 89' lang='lat' dir='ltr'>ut</span> <span class='ocrx_word' id='word_1_58' title='bbox 373 534 604 578; x_wconf 87' lang='lat' dir='ltr'>unusquisque</span> <span class='ocrx_word' id='word_1_59' title='bbox 619 533 841 566; x_wconf 89' lang='lat' dir='ltr'>ministerium</span> <span class='ocrx_word' id='word_1_60' title='bbox 867 547 974 573; x_wconf 87' lang='lat' dir='ltr'>suum,</span> <span class='ocrx_word' id='word_1_61' title='bbox 989 533 1024 579; x_wconf 24' lang='grc'>5,)</span> <span class='ocrx_word' id='word_1_62' title='bbox 1049 535 1143 577; x_wconf 81' lang='lat' dir='ltr'>quod</span> 
     </span>
     <span class='ocr_line' id='line_1_9' title="bbox 13 594 1143 641; baseline -0.002 -12"><span class='ocrx_word' id='word_1_63' title='bbox 13 609 73 641; x_wconf 84' lang='lat' dir='ltr'>per</span> <span class='ocrx_word' id='word_1_64' title='bbox 97 595 162 628; x_wconf 88' lang='lat' dir='ltr'>Dei</span> <span class='ocrx_word' id='word_1_65' title='bbox 186 595 435 640; x_wconf 80' lang='lat' dir='ltr'>providentiam</span> <span class='ocrx_word' id='word_1_66' title='bbox 460 595 663 639; x_wconf 82' lang='lat' dir='ltr'>suscipit‚⁷)</span> <span class='ocrx_word' id='word_1_67' title='bbox 698 594 858 627; x_wconf 75' lang='lat' dir='ltr'>exornet?</span> <span class='ocrx_word' id='word_1_68' title='bbox 906 595 1058 627; x_wconf 80' lang='lat' dir='ltr'>Exornat</span> <span class='ocrx_word' id='word_1_69' title='bbox 1082 608 1143 627; x_wconf 83' lang='lat' dir='ltr'>au-</span> 
     </span>
     <span class='ocr_line' id='line_1_10' title="bbox 12 656 1143 700; baseline -0.002 -10"><span class='ocrx_word' id='word_1_70' title='bbox 12 667 79 690; x_wconf 82' lang='lat' dir='ltr'>tem</span> <span class='ocrx_word' id='word_1_71' title='bbox 106 666 137 689; x_wconf 90' lang='lat' dir='ltr'>et</span> <span class='ocrx_word' id='word_1_72' title='bbox 160 657 304 690; x_wconf 86' lang='lat' dir='ltr'>illustrat</span> <span class='ocrx_word' id='word_1_73' title='bbox 327 656 549 689; x_wconf 83' lang='lat' dir='ltr'>ministerium</span> <span class='ocrx_word' id='word_1_74' title='bbox 573 670 689 696; x_wconf 84' lang='lat' dir='ltr'>suum,</span> <span class='ocrx_word' id='word_1_75' title='bbox 704 657 740 700; x_wconf 71' lang='lat'>⁸)</span> <span class='ocrx_word' id='word_1_76' title='bbox 767 656 824 700; x_wconf 88' lang='lat' dir='ltr'>qui</span> <span class='ocrx_word' id='word_1_77' title='bbox 847 657 935 689; x_wconf 86' lang='lat' dir='ltr'>bene</span> <span class='ocrx_word' id='word_1_78' title='bbox 958 656 1143 689; x_wconf 76' lang='lat' dir='ltr'>ministrat:</span> 
     </span>
     <span class='ocr_line' id='line_1_11' title="bbox 13 718 1143 757; baseline -0.001 -6"><span class='ocrx_word' id='word_1_79' title='bbox 13 718 96 752; x_wconf 83' lang='lat' dir='ltr'>sicut</span> <span class='ocrx_word' id='word_1_80' title='bbox 121 731 138 751; x_wconf 83' lang='lat' dir='ltr'><strong>c</strong></span> <span class='ocrx_word' id='word_1_81' title='bbox 164 718 333 751; x_wconf 85' lang='lat' dir='ltr'>contrario</span> <span class='ocrx_word' id='word_1_82' title='bbox 365 719 563 751; x_wconf 76' lang='lat' dir='ltr'>dehonestat</span> <span class='ocrx_word' id='word_1_83' title='bbox 592 718 815 751; x_wconf 85' lang='lat' dir='ltr'>ministerium</span> <span class='ocrx_word' id='word_1_84' title='bbox 847 731 964 757; x_wconf 84' lang='lat' dir='ltr'>suum,</span> <span class='ocrx_word' id='word_1_85' title='bbox 989 727 1019 750; x_wconf 87' lang='lat' dir='ltr'>et</span> <span class='ocrx_word' id='word_1_86' title='bbox 1043 727 1143 750; x_wconf 85' lang='lat' dir='ltr'>nota-</span> 
     </span>
     <span class='ocr_line' id='line_1_12' title="bbox 12 778 1143 824; baseline 0 -12"><span class='ocrx_word' id='word_1_87' title='bbox 12 779 80 812; x_wconf 83' lang='lat' dir='ltr'>bile</span> <span class='ocrx_word' id='word_1_88' title='bbox 102 779 190 819; x_wconf 83' lang='lat' dir='ltr'>facit,</span> <span class='ocrx_word' id='word_1_89' title='bbox 216 779 273 824; x_wconf 86' lang='lat' dir='ltr'>qui</span> <span class='ocrx_word' id='word_1_90' title='bbox 296 778 502 821; x_wconf 80' lang='lat' dir='ltr'>negligenter</span> <span class='ocrx_word' id='word_1_91' title='bbox 526 788 557 812; x_wconf 84' lang='lat' dir='ltr'>et</span> <span class='ocrx_word' id='word_1_92' title='bbox 584 779 720 821; x_wconf 84' lang='lat' dir='ltr'>indigne</span> <span class='ocrx_word' id='word_1_93' title='bbox 744 779 990 813; x_wconf 75' lang='lat' dir='ltr'>ministraverit.</span> <span class='ocrx_word' id='word_1_94' title='bbox 1036 779 1143 813; x_wconf 82' lang='lat' dir='ltr'>Verbi</span> 
     </span>
     <span class='ocr_line' id='line_1_13' title="bbox 13 840 1143 885; baseline 0 -12"><span class='ocrx_word' id='word_1_95' title='bbox 13 853 129 881; x_wconf 84' lang='lat' dir='ltr'>causa,</span> <span class='ocrx_word' id='word_1_96' title='bbox 165 840 199 872; x_wconf 86' lang='lat' dir='ltr'>in</span> <span class='ocrx_word' id='word_1_97' title='bbox 224 840 409 873; x_wconf 83' lang='lat' dir='ltr'>ministerio</span> <span class='ocrx_word' id='word_1_98' title='bbox 442 840 598 873; x_wconf 85' lang='lat' dir='ltr'>ecclesiae</span> <span class='ocrx_word' id='word_1_99' title='bbox 629 840 878 885; x_wconf 80' lang='lat' dir='ltr'>‚‚(]iaconus,⁹)</span> <span class='ocrx_word' id='word_1_100' title='bbox 918 841 1046 885; x_wconf 84' lang='lat' dir='ltr'>inquit,</span> <span class='ocrx_word' id='word_1_101' title='bbox 1085 840 1143 885; x_wconf 80' lang='lat' dir='ltr'>qui</span> 
     </span>
     <span class='ocr_line' id='line_1_14' title="bbox 12 902 1141 946; baseline 0 -12"><span class='ocrx_word' id='word_1_102' title='bbox 12 903 99 935; x_wconf 88' lang='lat' dir='ltr'>bene</span> <span class='ocrx_word' id='word_1_103' title='bbox 122 902 368 941; x_wconf 77' lang='lat' dir='ltr'>ministraverit,</span> <span class='ocrx_word' id='word_1_104' title='bbox 395 904 525 935; x_wconf 83' lang='lat' dir='ltr'>bonum</span> <span class='ocrx_word' id='word_1_105' title='bbox 552 903 691 944; x_wconf 81' lang='lat' dir='ltr'>gradum</span> <span class='ocrx_word' id='word_1_106' title='bbox 718 902 780 935; x_wconf 87' lang='lat' dir='ltr'>sibi</span> <span class='ocrx_word' id='word_1_107' title='bbox 808 902 965 946; x_wconf 81' lang='lat' dir='ltr'>acquirit,</span> <span class='ocrx_word' id='word_1_108' title='bbox 992 911 1024 934; x_wconf 86' lang='lat' dir='ltr'>et</span> <span class='ocrx_word' id='word_1_109' title='bbox 1050 903 1141 934; x_wconf 87' lang='lat' dir='ltr'>mul-</span> 
     </span>
     <span class='ocr_line' id='line_1_15' title="bbox 10 963 1143 1008; baseline 0 -13"><span class='ocrx_word' id='word_1_110' title='bbox 10 972 80 996; x_wconf 80' lang='lat' dir='ltr'>tam</span> <span class='ocrx_word' id='word_1_111' title='bbox 105 963 322 996; x_wconf 77' lang='lat' dir='ltr'>fiduciam-in</span> <span class='ocrx_word' id='word_1_112' title='bbox 346 964 414 996; x_wconf 81' lang='lat' dir='ltr'>fide</span> <span class='ocrx_word' id='word_1_113' title='bbox 438 965 519 996; x_wconf 88' lang='lat' dir='ltr'>Jesu</span> <span class='ocrx_word' id='word_1_114' title='bbox 541 963 695 996; x_wconf 76' lang='lat' dir='ltr'>Cl1risti.“</span> <span class='ocrx_word' id='word_1_115' title='bbox 731 963 768 997; x_wconf 88' lang='lat' dir='ltr'>Si</span> <span class='ocrx_word' id='word_1_116' title='bbox 792 977 871 996; x_wconf 82' lang='lat' dir='ltr'>vero</span> <span class='ocrx_word' id='word_1_117' title='bbox 887 963 943 1008; x_wconf 73' lang='grc'>10)</span> <span class='ocrx_word' id='word_1_118' title='bbox 967 977 1038 995; x_wconf 92' lang='lat' dir='ltr'>non</span> <span class='ocrx_word' id='word_1_119' title='bbox 1054 964 1143 996; x_wconf 81' lang='lat' dir='ltr'>bene</span> 
     </span>
     <span class='ocr_line' id='line_1_16' title="bbox 11 1024 1144 1068; baseline 0.001 -12"><span class='ocrx_word' id='word_1_120' title='bbox 11 1024 257 1065; x_wconf 83' lang='lat' dir='ltr'>ministraverit,</span> <span class='ocrx_word' id='word_1_121' title='bbox 283 1025 349 1057; x_wconf 87' lang='lat' dir='ltr'>hoc</span> <span class='ocrx_word' id='word_1_122' title='bbox 374 1035 431 1064; x_wconf 90' lang='lat' dir='ltr'>est,</span> <span class='ocrx_word' id='word_1_123' title='bbox 454 1025 481 1057; x_wconf 85' lang='lat' dir='ltr'>si</span> <span class='ocrx_word' id='word_1_124' title='bbox 505 1038 576 1057; x_wconf 89' lang='lat' dir='ltr'>non</span> <span class='ocrx_word' id='word_1_125' title='bbox 602 1038 636 1057; x_wconf 87' lang='lat' dir='ltr'>se</span> <span class='ocrx_word' id='word_1_126' title='bbox 659 1026 760 1058; x_wconf 82' lang='lat' dir='ltr'>talem</span> <span class='ocrx_word' id='word_1_127' title='bbox 785 1024 981 1062; x_wconf 83' lang='lat' dir='ltr'>exhibuerit,</span> <span class='ocrx_word' id='word_1_128' title='bbox 1008 1025 1144 1068; x_wconf 87' lang='lat' dir='ltr'>qualem</span> 
     </span>
     <span class='ocr_line' id='line_1_17' title="bbox 13 1085 1142 1130; baseline -0.001 -12"><span class='ocrx_word' id='word_1_129' title='bbox 13 1085 171 1118; x_wconf 72' lang='lat' dir='ltr'>describit</span> <span class='ocrx_word' id='word_1_130' title='bbox 186 1086 380 1129; x_wconf 83' lang='lat' dir='ltr'>Apostolus,</span> <span class='ocrx_word' id='word_1_131' title='bbox 396 1085 452 1130; x_wconf 68' lang='grc' dir='ltr'>1Ι)</span> <span class='ocrx_word' id='word_1_132' title='bbox 472 1098 614 1127; x_wconf 79' lang='lat' dir='ltr'>gravem,</span> <span class='ocrx_word' id='word_1_133' title='bbox 629 1099 699 1117; x_wconf 90' lang='lat' dir='ltr'>non</span> <span class='ocrx_word' id='word_1_134' title='bbox 721 1086 915 1126; x_wconf 82' lang='lat' dir='ltr'>bilinguem,</span> <span class='ocrx_word' id='word_1_135' title='bbox 939 1099 1010 1117; x_wconf 87' lang='lat' dir='ltr'>non</span> <span class='ocrx_word' id='word_1_136' title='bbox 1032 1087 1142 1118; x_wconf 90' lang='lat' dir='ltr'>multo</span> 
     </span>
     <span class='ocr_line' id='line_1_18' title="bbox 13 1145 1142 1191; baseline 0.001 -12"><span class='ocrx_word' id='word_1_137' title='bbox 13 1146 90 1180; x_wconf 86' lang='lat' dir='ltr'>vino</span> <span class='ocrx_word' id='word_1_138' title='bbox 118 1147 290 1187; x_wconf 82' lang='lat' dir='ltr'>deditum,</span> <span class='ocrx_word' id='word_1_139' title='bbox 322 1160 393 1179; x_wconf 90' lang='lat' dir='ltr'>non</span> <span class='ocrx_word' id='word_1_140' title='bbox 418 1146 525 1191; x_wconf 83' lang='lat' dir='ltr'>turpis</span> <span class='ocrx_word' id='word_1_141' title='bbox 550 1146 635 1178; x_wconf 84' lang='lat' dir='ltr'>lucri</span> <span class='ocrx_word' id='word_1_142' title='bbox 659 1145 898 1190; x_wconf 79' lang='lat' dir='ltr'>appetitorem,</span> <span class='ocrx_word' id='word_1_143' title='bbox 930 1148 988 1180; x_wconf 82' lang='lat' dir='ltr'>sed</span> <span class='ocrx_word' id='word_1_144' title='bbox 1013 1148 1142 1180; x_wconf 83' lang='lat' dir='ltr'>haben-</span> 
     </span>
    </p>
   </div>
   <div class='ocr_carea' id='block_1_3' title="bbox 12 1207 1140 1255">
    <p class='ocr_par' dir='ltr' id='par_1_3' title="bbox 12 1207 1140 1255">
     <span class='ocr_line' id='line_1_19' title="bbox 12 1207 1140 1255; baseline 0.001 -15"><span class='ocrx_word' id='word_1_145' title='bbox 12 1218 79 1241; x_wconf 79' lang='lat' dir='ltr'>tem</span> <span class='ocrx_word' id='word_1_146' title='bbox 103 1208 299 1255; x_wconf 77' lang='lat' dir='ltr'>mysterium</span> <span class='ocrx_word' id='word_1_147' title='bbox 323 1207 402 1241; x_wconf 78' lang='lat' dir='ltr'>fidei</span> <span class='ocrx_word' id='word_1_148' title='bbox 426 1208 462 1240; x_wconf 89' lang='lat' dir='ltr'>in</span> <span class='ocrx_word' id='word_1_149' title='bbox 487 1208 687 1241; x_wconf 86' lang='lat' dir='ltr'>conscientia</span> <span class='ocrx_word' id='word_1_150' title='bbox 711 1221 813 1252; x_wconf 83' lang='lat' dir='ltr'>pura:</span> <span class='ocrx_word' id='word_1_151' title='bbox 838 1222 910 1240; x_wconf 88' lang='lat' dir='ltr'>nou</span> <span class='ocrx_word' id='word_1_152' title='bbox 924 1208 993 1254; x_wconf 79' lang='lat' dir='ltr'>jam</span> <span class='ocrx_word' id='word_1_153' title='bbox 1008 1210 1140 1241; x_wconf 87' lang='lat' dir='ltr'>bonum</span> 
     </span>
    </p>
   </div>
   <div class='ocr_carea' id='block_1_4' title="bbox 107 1340 543 1384">
    <p class='ocr_par' dir='ltr' id='par_1_4' title="bbox 107 1340 543 1384">
     <span class='ocr_line' id='line_1_20' title="bbox 107 1340 543 1384; baseline 0.007 -12"><span class='ocrx_word' id='word_1_154' title='bbox 107 1341 140 1384; x_wconf 84' lang='lat'>¹)</span> <span class='ocrx_word' id='word_1_155' title='bbox 164 1340 284 1374; x_wconf 78' lang='lat' dir='ltr'>Matth.</span> <span class='ocrx_word' id='word_1_156' title='bbox 310 1341 470 1379; x_wconf 85' lang='lat' dir='ltr'>XXVIII,</span> <span class='ocrx_word' id='word_1_157' title='bbox 490 1342 543 1375; x_wconf 76' lang='lat'>20.</span> 
     </span>
    </p>
   </div>
   <div class='ocr_carea' id='block_1_5' title="bbox 9 1396 1141 1620">
    <p class='ocr_par' dir='ltr' id='par_1_5' title="bbox 9 1396 1141 1620">
     <span class='ocr_line' id='line_1_21' title="bbox 103 1396 1141 1442; baseline 0.003 -14"><span class='ocrx_word' id='word_1_158' title='bbox 103 1396 140 1440; x_wconf 74' lang='grc'>2)</span> <span class='ocrx_word' id='word_1_159' title='bbox 164 1396 228 1429; x_wconf 89' lang='lat' dir='ltr'>Ed.</span> <span class='ocrx_word' id='word_1_160' title='bbox 253 1397 360 1429; x_wconf 81' lang='lat' dir='ltr'>Ruaei</span> <span class='ocrx_word' id='word_1_161' title='bbox 384 1397 418 1429; x_wconf 89' lang='lat' dir='ltr'>in</span> <span class='ocrx_word' id='word_1_162' title='bbox 443 1406 552 1429; x_wconf 69' lang='lat' dir='ltr'>textu:</span> <span class='ocrx_word' id='word_1_163' title='bbox 576 1396 721 1436; x_wconf 78' lang='lat' dir='ltr'>„saeculi</span> <span class='ocrx_word' id='word_1_164' title='bbox 745 1397 841 1430; x_wconf 84' lang='lat' dir='ltr'>dixit:</span> <span class='ocrx_word' id='word_1_165' title='bbox 865 1398 910 1430; x_wconf 83' lang='lat' dir='ltr'>ita</span> <span class='ocrx_word' id='word_1_166' title='bbox 935 1406 967 1430; x_wconf 86' lang='lat' dir='ltr'>et</span> <span class='ocrx_word' id='word_1_167' title='bbox 991 1399 1141 1442; x_wconf 87' lang='lat' dir='ltr'>Aposto-</span> 
     </span>
     <span class='ocr_line' id='line_1_22' title="bbox 10 1436 1141 1482; baseline 0.002 -8"><span class='ocrx_word' id='word_1_168' title='bbox 10 1443 77 1475; x_wconf 87' lang='lat' dir='ltr'>lus:</span> <span class='ocrx_word' id='word_1_169' title='bbox 102 1455 161 1473; x_wconf 83' lang='lat'>——:</span> <span class='ocrx_word' id='word_1_170' title='bbox 189 1440 326 1474; x_wconf 83' lang='lat' dir='ltr'>dixisse“</span> <span class='ocrx_word' id='word_1_171' title='bbox 352 1451 430 1482; x_wconf 84' lang='lat' dir='ltr'>etc.;</span> <span class='ocrx_word' id='word_1_172' title='bbox 463 1442 497 1473; x_wconf 89' lang='lat' dir='ltr'>in</span> <span class='ocrx_word' id='word_1_173' title='bbox 528 1442 635 1474; x_wconf 86' lang='lat' dir='ltr'>notis:</span> <span class='ocrx_word' id='word_1_174' title='bbox 669 1442 734 1481; x_wconf 76' lang='lat' dir='ltr'>„sic</span> <span class='ocrx_word' id='word_1_175' title='bbox 768 1436 847 1475; x_wconf 66' lang='lat' dir='ltr'>B&#39;Iss.</span> <span class='ocrx_word' id='word_1_176' title='bbox 879 1453 911 1475; x_wconf 89' lang='lat' dir='ltr'>ct</span> <span class='ocrx_word' id='word_1_177' title='bbox 945 1444 1046 1476; x_wconf 82' lang='lat' dir='ltr'>editio</span> <span class='ocrx_word' id='word_1_178' title='bbox 1072 1445 1141 1476; x_wconf 85' lang='lat' dir='ltr'>Ve-</span> 
     </span>
     <span class='ocr_line' id='line_1_23' title="bbox 10 1487 1140 1533; baseline 0.003 -15"><span class='ocrx_word' id='word_1_179' title='bbox 10 1495 96 1519; x_wconf 81' lang='lat' dir='ltr'>neta.</span> <span class='ocrx_word' id='word_1_180' title='bbox 143 1487 227 1520; x_wconf 66' lang='lat' dir='ltr'>B&#39;Ise.</span> <span class='ocrx_word' id='word_1_181' title='bbox 253 1496 365 1519; x_wconf 85' lang='lat' dir='ltr'>tamen</span> <span class='ocrx_word' id='word_1_182' title='bbox 390 1487 471 1528; x_wconf 73' lang='lat' dir='ltr'>Reg.</span> <span class='ocrx_word' id='word_1_183' title='bbox 490 1501 582 1521; x_wconf 86' lang='lat' dir='ltr'>num.</span> <span class='ocrx_word' id='word_1_184' title='bbox 608 1488 702 1522; x_wconf 74' lang='grc'>1639.</span> <span class='ocrx_word' id='word_1_185' title='bbox 734 1488 835 1520; x_wconf 85' lang='lat' dir='ltr'>habet</span> <span class='ocrx_word' id='word_1_186' title='bbox 869 1488 970 1520; x_wconf 73' lang='lat' dir='ltr'>(lixit</span> <span class='ocrx_word' id='word_1_187' title='bbox 993 1503 1056 1533; x_wconf 87' lang='lat' dir='ltr'>pro</span> <span class='ocrx_word' id='word_1_188' title='bbox 1083 1489 1140 1521; x_wconf 75' lang='lat' dir='ltr'>cli-</span> 
     </span>
     <span class='ocr_line' id='line_1_24' title="bbox 9 1531 1140 1576; baseline 0.003 -12"><span class='ocrx_word' id='word_1_189' title='bbox 9 1533 120 1564; x_wconf 82' lang='lat' dir='ltr'>xisse.</span> <span class='ocrx_word' id='word_1_190' title='bbox 147 1531 258 1564; x_wconf 87' lang='lat' dir='ltr'>Ceteri</span> <span class='ocrx_word' id='word_1_191' title='bbox 282 1545 361 1564; x_wconf 88' lang='lat' dir='ltr'>vero</span> <span class='ocrx_word' id='word_1_192' title='bbox 387 1532 466 1564; x_wconf 87' lang='lat' dir='ltr'>editi</span> <span class='ocrx_word' id='word_1_193' title='bbox 497 1533 543 1576; x_wconf 81' lang='lat' dir='ltr'>(e.</span> <span class='ocrx_word' id='word_1_194' title='bbox 569 1546 595 1564; x_wconf 91' lang='lat' dir='ltr'>c.</span> <span class='ocrx_word' id='word_1_195' title='bbox 622 1533 696 1567; x_wconf 84' lang='lat' dir='ltr'>edd.</span> <span class='ocrx_word' id='word_1_196' title='bbox 721 1532 806 1576; x_wconf 82' lang='lat' dir='ltr'>M.):</span> <span class='ocrx_word' id='word_1_197' title='bbox 832 1533 996 1567; x_wconf 80' lang='lat' dir='ltr'>saeculi.-</span> <span class='ocrx_word' id='word_1_198' title='bbox 1035 1534 1140 1567; x_wconf 76' lang='lat' dir='ltr'>clica-</span> 
     </span>
     <span class='ocr_line' id='line_1_25' title="bbox 10 1577 819 1620; baseline 0.001 -11"><span class='ocrx_word' id='word_1_199' title='bbox 10 1585 70 1610; x_wconf 80' lang='grc' dir='ltr'><em>ειιι·</em></span> <span class='ocrx_word' id='word_1_200' title='bbox 94 1578 148 1609; x_wconf 73' lang='lat' dir='ltr'>ita</span> <span class='ocrx_word' id='word_1_201' title='bbox 174 1585 209 1610; x_wconf 74' lang='lat' dir='ltr'>et</span> <span class='ocrx_word' id='word_1_202' title='bbox 233 1577 461 1620; x_wconf 81' lang='lat' dir='ltr'>Apostolus:</span> <span class='ocrx_word' id='word_1_203' title='bbox 486 1591 545 1610; x_wconf 85' lang='lat'>—-:</span> <span class='ocrx_word' id='word_1_204' title='bbox 569 1577 734 1610; x_wconf 75' lang='lat' dir='ltr'>dixisse“</span> <span class='ocrx_word' id='word_1_205' title='bbox 759 1587 819 1610; x_wconf 80' lang='lat' dir='ltr'>etc.</span> 
     </span>
    </p>
   </div>
   <div class='ocr_carea' id='block_1_6' title="bbox 101 1631 1106 1734">
    <p class='ocr_par' dir='ltr' id='par_1_6' title="bbox 101 1631 1106 1734">
     <span class='ocr_line' id='line_1_26' title="bbox 101 1631 424 1675; baseline 0.012 -13"><span class='ocrx_word' id='word_1_206' title='bbox 101 1632 138 1675; x_wconf 80' lang='lat'>³)</span> <span class='ocrx_word' id='word_1_207' title='bbox 163 1631 261 1664; x_wconf 80' lang='lat' dir='ltr'>Rom.</span> <span class='ocrx_word' id='word_1_208' title='bbox 286 1632 347 1671; x_wconf 81' lang='lat' dir='ltr'>XI,</span> <span class='ocrx_word' id='word_1_209' title='bbox 371 1633 424 1666; x_wconf 87' lang='grc'>13.</span> 
     </span>
     <span class='ocr_line' id='line_1_27' title="bbox 102 1687 1106 1734; baseline 0.005 -16"><span class='ocrx_word' id='word_1_210' title='bbox 102 1687 139 1731; x_wconf 67' lang='lat'>⁴)</span> <span class='ocrx_word' id='word_1_211' title='bbox 163 1687 225 1720; x_wconf 86' lang='lat' dir='ltr'>Ed.</span> <span class='ocrx_word' id='word_1_212' title='bbox 250 1687 298 1720; x_wconf 85' lang='lat' dir='ltr'>M.</span> <span class='ocrx_word' id='word_1_213' title='bbox 326 1687 367 1720; x_wconf 85' lang='lat' dir='ltr'>II.</span> <span class='ocrx_word' id='word_1_214' title='bbox 392 1688 480 1720; x_wconf 85' lang='lat' dir='ltr'>sola:</span> <span class='ocrx_word' id='word_1_215' title='bbox 504 1687 590 1722; x_wconf 86' lang='lat' dir='ltr'>Utra</span> <span class='ocrx_word' id='word_1_216' title='bbox 615 1699 726 1722; x_wconf 85' lang='lat' dir='ltr'>autern</span> <span class='ocrx_word' id='word_1_217' title='bbox 751 1690 890 1723; x_wconf 83' lang='lat' dir='ltr'>istarum</span> <span class='ocrx_word' id='word_1_218' title='bbox 915 1689 1019 1734; x_wconf 85' lang='lat' dir='ltr'>recipi</span> <span class='ocrx_word' id='word_1_219' title='bbox 1045 1700 1106 1724; x_wconf 84' lang='lat' dir='ltr'>etc.</span> 
     </span>
    </p>
   </div>
   <div class='ocr_carea' id='block_1_7' title="bbox 9 1742 1140 1820">
    <p class='ocr_par' dir='ltr' id='par_1_7' title="bbox 9 1742 1140 1820">
     <span class='ocr_line' id='line_1_28' title="bbox 102 1742 1140 1791; baseline 0.004 -16"><span class='ocrx_word' id='word_1_220' title='bbox 102 1742 138 1787; x_wconf 86' lang='lat'>⁵)</span> <span class='ocrx_word' id='word_1_221' title='bbox 163 1743 250 1776; x_wconf 85' lang='lat' dir='ltr'><strong>Edd.</strong></span> <span class='ocrx_word' id='word_1_222' title='bbox 276 1742 432 1776; x_wconf 67' lang='lat' dir='ltr'>IWerlini:</span> <span class='ocrx_word' id='word_1_223' title='bbox 469 1744 572 1786; x_wconf 87' lang='lat' dir='ltr'>Igitur</span> <span class='ocrx_word' id='word_1_224' title='bbox 597 1746 759 1790; x_wconf 85' lang='lat' dir='ltr'>quamdiu</span> <span class='ocrx_word' id='word_1_225' title='bbox 785 1755 832 1779; x_wconf 88' lang='lat' dir='ltr'>est</span> <span class='ocrx_word' id='word_1_226' title='bbox 858 1746 1019 1779; x_wconf 80' lang='lat' dir='ltr'>Gentium</span> <span class='ocrx_word' id='word_1_227' title='bbox 1044 1748 1140 1791; x_wconf 88' lang='lat' dir='ltr'>Apo-</span> 
     </span>
     <span class='ocr_line' id='line_1_29' title="bbox 9 1787 348 1820; baseline 0 0"><span class='ocrx_word' id='word_1_228' title='bbox 9 1787 114 1820; x_wconf 85' lang='lat' dir='ltr'>stolus</span> <span class='ocrx_word' id='word_1_229' title='bbox 139 1788 263 1820; x_wconf 76' lang='lat' dir='ltr'>Paulus</span> <span class='ocrx_word' id='word_1_230' title='bbox 288 1797 348 1820; x_wconf 89' lang='lat' dir='ltr'>etc.</span> 
     </span>
    </p>
   </div>
   <div class='ocr_carea' id='block_1_8' title="bbox 102 1843 1140 1892">
    <p class='ocr_par' dir='ltr' id='par_1_8' title="bbox 102 1843 1140 1892">
     <span class='ocr_line' id='line_1_30' title="bbox 102 1843 1140 1892; baseline 0.007 -17"><span class='ocrx_word' id='word_1_231' title='bbox 102 1844 138 1887; x_wconf 80' lang='lat'>⁶)</span> <span class='ocrx_word' id='word_1_232' title='bbox 163 1843 268 1876; x_wconf 86' lang='lat' dir='ltr'>Deest</span> <span class='ocrx_word' id='word_1_233' title='bbox 307 1843 343 1876; x_wconf 87' lang='lat' dir='ltr'>in</span> <span class='ocrx_word' id='word_1_234' title='bbox 378 1844 472 1877; x_wconf 82' lang='lat' dir='ltr'>libris</span> <span class='ocrx_word' id='word_1_235' title='bbox 511 1854 608 1878; x_wconf 82' lang='lat' dir='ltr'>antea</span> <span class='ocrx_word' id='word_1_236' title='bbox 649 1846 744 1880; x_wconf 88' lang='lat' dir='ltr'>editis</span> <span class='ocrx_word' id='word_1_237' title='bbox 783 1847 831 1892; x_wconf 81' lang='lat' dir='ltr'>(e.</span> <span class='ocrx_word' id='word_1_238' title='bbox 873 1860 898 1880; x_wconf 80' lang='lat' dir='ltr'>e.</span> <span class='ocrx_word' id='word_1_239' title='bbox 941 1848 1016 1881; x_wconf 86' lang='lat' dir='ltr'>edd.</span> <span class='ocrx_word' id='word_1_240' title='bbox 1055 1848 1140 1892; x_wconf 83' lang='lat' dir='ltr'><strong>M.):</strong></span> 
     </span>
    </p>
   </div>
   <div class='ocr_carea' id='block_1_9' title="bbox 8 1888 224 1928">
    <p class='ocr_par' dir='ltr' id='par_1_9' title="bbox 8 1888 224 1928">
     <span class='ocr_line' id='line_1_31' title="bbox 8 1888 224 1928; baseline 0.009 -9"><span class='ocrx_word' id='word_1_241' title='bbox 8 1892 159 1928; x_wconf 79' lang='lat' dir='ltr'>‚,suum.“</span> <span class='ocrx_word' id='word_1_242' title='bbox 183 1888 224 1921; x_wconf 86' lang='lat' dir='ltr'>R.</span> 
     </span>
    </p>
   </div>
   <div class='ocr_carea' id='block_1_10' title="bbox 102 1942 606 1991">
    <p class='ocr_par' dir='ltr' id='par_1_10' title="bbox 102 1942 606 1991">
     <span class='ocr_line' id='line_1_32' title="bbox 102 1942 606 1991; baseline 0.006 -15"><span class='ocrx_word' id='word_1_243' title='bbox 102 1942 138 1987; x_wconf 89' lang='grc'>7)</span> <span class='ocrx_word' id='word_1_244' title='bbox 163 1945 252 1977; x_wconf 85' lang='lat' dir='ltr'><strong>Edd.</strong></span> <span class='ocrx_word' id='word_1_245' title='bbox 275 1944 430 1978; x_wconf 87' lang='lat' dir='ltr'>Merlini:</span> <span class='ocrx_word' id='word_1_246' title='bbox 453 1946 606 1991; x_wconf 86' lang='lat' dir='ltr'>suscepit.</span> 
     </span>
    </p>
   </div>
   <div class='ocr_carea' id='block_1_11' title="bbox 9 1998 1138 2083">
    <p class='ocr_par' dir='ltr' id='par_1_11' title="bbox 9 1998 1138 2083">
     <span class='ocr_line' id='line_1_33' title="bbox 102 1998 1138 2049; baseline 0.007 -18"><span class='ocrx_word' id='word_1_247' title='bbox 102 1998 137 2042; x_wconf 77' lang='lat'>⁸)</span> <span class='ocrx_word' id='word_1_248' title='bbox 163 1999 267 2033; x_wconf 83' lang='lat' dir='ltr'>Deest</span> <span class='ocrx_word' id='word_1_249' title='bbox 297 2000 333 2032; x_wconf 84' lang='lat' dir='ltr'>in</span> <span class='ocrx_word' id='word_1_250' title='bbox 369 2000 462 2035; x_wconf 82' lang='lat' dir='ltr'>libris</span> <span class='ocrx_word' id='word_1_251' title='bbox 498 2013 593 2036; x_wconf 82' lang='lat' dir='ltr'>antea</span> <span class='ocrx_word' id='word_1_252' title='bbox 642 2002 737 2036; x_wconf 87' lang='lat' dir='ltr'>editis</span> <span class='ocrx_word' id='word_1_253' title='bbox 777 2005 825 2048; x_wconf 79' lang='lat' dir='ltr'>(v.</span> <span class='ocrx_word' id='word_1_254' title='bbox 866 2019 892 2038; x_wconf 90' lang='lat' dir='ltr'>c.</span> <span class='ocrx_word' id='word_1_255' title='bbox 939 2005 1014 2037; x_wconf 83' lang='lat' dir='ltr'>cdd.</span> <span class='ocrx_word' id='word_1_256' title='bbox 1051 2005 1138 2049; x_wconf 78' lang='lat' dir='ltr'><strong>M·)=</strong></span> 
     </span>
     <span class='ocr_line' id='line_1_34' title="bbox 9 2045 223 2083; baseline 0.009 -8"><span class='ocrx_word' id='word_1_257' title='bbox 9 2048 160 2083; x_wconf 87' lang='lat' dir='ltr'>‚,suum.“</span> <span class='ocrx_word' id='word_1_258' title='bbox 184 2045 223 2078; x_wconf 88' lang='lat' dir='ltr'>R.</span> 
     </span>
    </p>
   </div>
   <div class='ocr_carea' id='block_1_12' title="bbox 105 2097 1136 2149">
    <p class='ocr_par' dir='ltr' id='par_1_12' title="bbox 105 2097 1136 2149">
     <span class='ocr_line' id='line_1_35' title="bbox 105 2097 1136 2149; baseline 0.006 -18"><span class='ocrx_word' id='word_1_259' title='bbox 105 2098 140 2142; x_wconf 86' lang='lat'>⁹)</span> <span class='ocrx_word' id='word_1_260' title='bbox 167 2097 236 2134; x_wconf 86' lang='lat' dir='ltr'>Cfr.</span> <span class='ocrx_word' id='word_1_261' title='bbox 268 2101 283 2133; x_wconf 93' lang='lat' dir='ltr'>I</span> <span class='ocrx_word' id='word_1_262' title='bbox 308 2101 456 2136; x_wconf 88' lang='lat' dir='ltr'>Timoth.</span> <span class='ocrx_word' id='word_1_263' title='bbox 492 2104 558 2144; x_wconf 84' lang='lat' dir='ltr'>III,</span> <span class='ocrx_word' id='word_1_264' title='bbox 584 2105 635 2139; x_wconf 80' lang='grc'>13.</span> <span class='ocrx_word' id='word_1_265' title='bbox 659 2123 704 2130; x_wconf 85' lang='lat'>—</span> <span class='ocrx_word' id='word_1_266' title='bbox 728 2104 792 2137; x_wconf 86' lang='lat' dir='ltr'>Ed.</span> <span class='ocrx_word' id='word_1_267' title='bbox 817 2104 865 2137; x_wconf 81' lang='lat' dir='ltr'>M.</span> <span class='ocrx_word' id='word_1_268' title='bbox 892 2105 913 2138; x_wconf 91' lang='lat' dir='ltr'>I.</span> <span class='ocrx_word' id='word_1_269' title='bbox 942 2119 1136 2149; x_wconf 79' lang='lat' dir='ltr'>perperam:</span> 
     </span>
    </p>
   </div>
   <div class='ocr_carea' id='block_1_13' title="bbox 9 2142 169 2177">
    <p class='ocr_par' dir='ltr' id='par_1_13' title="bbox 9 2142 169 2177">
     <span class='ocr_line' id='line_1_36' title="bbox 9 2142 169 2177; baseline 0.006 -1"><span class='ocrx_word' id='word_1_270' title='bbox 9 2142 169 2177; x_wconf 81' lang='lat' dir='ltr'>diaconis.</span> 
     </span>
    </p>
   </div>
   <div class='ocr_carea' id='block_1_14' title="bbox 81 2199 581 2300">
    <p class='ocr_par' dir='ltr' id='par_1_14' title="bbox 81 2199 581 2300">
     <span class='ocr_line' id='line_1_37' title="bbox 82 2199 578 2242; baseline 0 -8"><span class='ocrx_word' id='word_1_271' title='bbox 82 2199 139 2242; x_wconf 83' lang='lat'>¹⁰)</span> <span class='ocrx_word' id='word_1_272' title='bbox 165 2200 252 2233; x_wconf 87' lang='lat' dir='ltr'><strong>Edd.</strong></span> <span class='ocrx_word' id='word_1_273' title='bbox 279 2201 431 2235; x_wconf 86' lang='lat' dir='ltr'>Merlini:</span> <span class='ocrx_word' id='word_1_274' title='bbox 457 2213 578 2237; x_wconf 76' lang='lat' dir='ltr'>autem.</span> 
     </span>
     <span class='ocr_line' id='line_1_38' title="bbox 81 2253 581 2300; baseline 0.002 -10"><span class='ocrx_word' id='word_1_275' title='bbox 81 2253 136 2297; x_wconf 78' lang='lat'>¹¹)</span> <span class='ocrx_word' id='word_1_276' title='bbox 164 2255 232 2290; x_wconf 81' lang='lat' dir='ltr'>Cfr.</span> <span class='ocrx_word' id='word_1_277' title='bbox 258 2257 272 2290; x_wconf 89' lang='grc' dir='ltr'><strong>Ι</strong></span> <span class='ocrx_word' id='word_1_278' title='bbox 298 2257 445 2293; x_wconf 85' lang='lat' dir='ltr'>Timoth.</span> <span class='ocrx_word' id='word_1_279' title='bbox 469 2259 527 2300; x_wconf 87' lang='grc' dir='ltr'>ΙΙΙ,</span> <span class='ocrx_word' id='word_1_280' title='bbox 552 2261 581 2294; x_wconf 87' lang='grc'>8.</span> 
     </span>
    </p>
   </div>
  </div>
 </body>
</html>
