1320 2444
298 70 649 106 COMMENTABJORUM
672 70 745 103 Lm.
769 70 830 103 IX.
1067 68 1136 104 285

11 165 100 206 Ergo
116 162 149 207 Ι)
172 161 322 197 Christus
345 162 430 195 sicut
453 170 560 195 cetera
586 160 702 194 omnIa
726 169 791 200 est,
823 168 854 192 et
884 159 1136 193 misericordiae

10 226 79 270 ipse
102 232 165 262 est,
194 223 447 256 misericordiae
477 223 618 262 multae,
651 236 724 255 non
754 235 839 262 una,
875 222 941 254 hoc
967 231 1028 260 cst,
1049 221 1137 254 sicut

9 284 200 328 thesauri2)
228 285 412 330 sapientiae
446 293 478 316 et
499 284 656 317 scientiae
680 285 714 317 in
746 283 820 327 ipso
843 292 939 322 sunt,
976 284 1034 315 sed
1060 290 1139 316 sunt

8 340 213 379 absconditi:
244 346 334 390 ita-³)
369 356 400 378 et
431 344 681 379 misericordiae
712 345 883 377 thesaurus
913 345 949 377 in
978 344 1052 388 ipso
1080 352 1138 383 est,

7 408 63 441 sed
89 417 135 441 est
159 407 392 441 absconditus:
417 421 461 440 ne
484 409 571 440 forte
592 407 617 439 si
643 408 685 439 ad
709 406 856 439 subitum
886 414 918 437 et
952 414 1028 437 ante
1052 414 1138 438 tem-

8 482 69 514 pus
95 471 298 513 proferatur,
321 469 421 502 faciat
444 482 508 508 me,
534 478 565 501 et
588 469 615 501 si
640 468 712 513 quis
737 468 821 500 mihi
844 468 877 501 in
893 466 928 510 4)
949 466 1075 499 desidia
1093 467 1138 499 si-

7 530 93 563 milis
117 543 184 563 esse
209 530 368 570 voluerit,
401 530 633 572 negligentem.
686 529 867 562 Videbitur
903 541 980 569 ergo
1006 529 1138 573 praeci-

8 603 74 636 pue
98 591 204 624 hostia
230 592 351 631 vivens,
375 600 406 624 et
429 601 551 630 sancta,
577 601 608 624 et
639 591 715 624 Deo
741 592 896 635 placens,
921 603 1044 635 corpus
1069 603 1138 623 esse

5 652 320 686 incontaminatum.
387 653 514 685 Verum
559 653 721 696 quoniam
759 653 911 685 videmus
947 652 1136 686 nonnullos

7 714 223 754 Sanctorum,
247 715 377 758 aliquos
403 715 500 748 etiam
517 714 764 758 Apostolorum
790 713 946 746 habuisse
970 713 1139 759 conjugia,

7 789 78 808 non
102 789 207 820 usque
239 789 372 820 quaque
404 789 582 821 possumus
615 774 729 818 hoc⁵)
769 775 810 807 (le
839 776 911 808 sola
952 775 1139 817 virginitate

6 837 138 877 sentire,
162 838 312 882 quamvis
334 838 368 871 in
393 837 627 883 hujuscemodi
652 836 767 869 hostiis
789 838 914 869 habere
938 836 1139 881 primum⁶)

10 899 164 932 ordinem
189 899 310 944 possit:
343 899 428 932 sicut
463 899 543 944 et7)
567 899 602 931 in
629 901 700 940 lege
724 899 787 932 alia
815 908 885 932 erat
908 899 1014 931 hostia
1027 898 1064 944 ⁸)
1088 913 1140 932 sa-

10 961 165 1000 cerdotis,
188 960 251 993 alia
275 961 453 1005 principis,
487 961 549 993 alia
578 973 775 1007 synagogae,
800 970 830 992 et
855 960 919 993 alia
943 961 1041 994 unius
1066 960 1140 993 ani-

8 1035 94 1055 mae.
140 1021 185 1053 Et
208 1021 357 1065 quamvis
388 1022 421 1054 in
455 1022 593 1055 ecclesia
625 1022 734 1065 prima
766 1030 843 1065 post
867 1019 1052 1065 Apostolos
1076 1017 1141 1050 ho—

8 1085 67 1117 stia
93 1093 296 1130 martyrum,
329 1084 474 1115 secunda
508 1084 675 1124 virginum
707 1083 875 1121 videatur,
908 1081 1003 1114 tertia
1029 1079 1142 1112 conti-

8 1145 180 1178 nentium:
204 1154 288 1189 puto
313 1154 442 1184 tamen,
478 1147 571 1189 quod
602 1157 712 1189 neque
736 1144 802 1182 illi,
833 1143 890 1187 qui
914 1142 948 1175 in
975 1140 1142 1186 conjugiis

9 1205 112 1251 positi
135 1215 228 1245 sunt,
261 1216 292 1238 et
324 1219 361 1238 ex
386 1219 550 1239 consensu
565 1206 599 1250 9)
621 1207 662 1238 ad
686 1216 818 1249 tempus
843 1213 961 1236 vacant
984 1202 1143 1241 orationi.

10 1268 100 1300 velut
135 1268 386 1301 Nazaraeorum
420 1278 496 1300 vota
527 1269 709 1306 solventes,
752 1266 777 1299 si
810 1266 845 1298 in
883 1265 999 1298 ceteris
1027 1273 1142 1297 sancte

11 1339 109 1371 agant
134 1339 165 1362 et
188 1328 288 1374 juste,
320 1329 469 1370 negandi
499 1338 576 1361 sunt
601 1342 747 1373 corpora
769 1341 828 1361 sua
861 1327 1018 1360 exhibere
1042 1338 1141 1370 posse

10 1391 173 1431 „hostiam
189 1389 245 1434 ι0)
261 1391 435 1430 viventem,
457 1401 616 1430 sanctam,
638 1391 716 1423 Deo
732 1391 921 1434 placentem
937 1393 965 1421 :“
987 1401 1050 1421 nec
1068 1401 1145 1420 rur-

9 1466 84 1486 sum
111 1466 259 1496 corpora
285 1451 459 1493 virginum,
484 1454 534 1485 vel
554 1452 809 1491 continentium,
833 1452 859 1484 si
883 1460 941 1483 aut
962 1449 1144 1494 superbiae

11 1515 156 1553 macula,
180 1523 237 1546 aut
258 1513 412 1546 avaritiae
435 1515 610 1554 sordibus,
631 1524 688 1547 aut
711 1514 844 1555 linguae
869 1513 1066 1550 maledicae,
1091 1511 1144 1542 vel

11 1575 180 1608 mendacii
203 1575 416 1608 immunditia
441 1577 648 1619 polluantur,
671 1576 814 1609 hostiam
833 1583 988 1608 sanctam
1013 1581 1045 1605 et
1064 1572 1142 1604 Deo

107 1680 141 1724 1)
168 1681 225 1713 Sic
257 1694 374 1714 omnes
405 1680 483 1714 Mss.
513 1681 629 1714 nostri.
686 1681 779 1714 Editi
813 1694 893 1713 vero
926 1681 973 1725 (e.
1006 1693 1032 1713 c.
1066 1681 1143 1712 cdd.

14 1726 97 1770 MA)
123 1726 233 1766 „Ergo
261 1725 421 1764 Christus,
444 1727 530 1759 sicut
554 1736 586 1759 et
612 1736 720 1759 cetera
747 1727 872 1765 omnia,
898 1735 929 1758 et
952 1725 1145 1758 misericor—

13 1772 68 1804 dia
90 1780 151 1804 est:
176 1771 247 1814 ipse
273 1780 319 1804 est.
343 1771 595 1804 misericordiae
620 1773 755 1810 multae,
779 1785 850 1803 non
875 1775 974 1804 una.“
999 1771 1038 1804 R.

104 1827 141 1870 2)
168 1826 236 1859 Cfr.
263 1826 392 1860 Coloss.
420 1826 460 1866 ll,
483 1828 515 1861 3.

106 1882 143 1927 3)
168 1882 249 1915 Msc.
274 1882 354 1923 Reg.
378 1897 470 1917 num.
486 1883 583 1918 1639.
608 1884 672 1923 „ita
687 1893 718 1916 et
741 1883 1049 1917 misericordiarum
1072 1882 1146 1915 the-

13 1940 130 1961 saurus
156 1927 191 1960 in
215 1929 288 1971 ipso
314 1932 380 1960 est“
405 1938 464 1961 etc.
491 1929 530 1961 R.

107 1982 143 2026 ΔἸ)
167 1983 257 2016 Edd.
282 1984 436 2017 Merlini:
459 1985 574 2018 similis
598 1984 633 2017 in
659 1984 795 2017 desidia.

109 2039 143 2083 ⁵)
168 2039 270 2072 Deest
294 2039 327 2072 in
353 2040 447 2073 editis
471 2041 518 2085 (e.
544 2055 571 2074 c.
597 2042 672 2074 edd.
699 2040 782 2084 M.):
807 2040 928 2079 „h0c.“
952 2039 994 2071 R.

108 2095 144 2136 6)
168 2094 257 2126 Εάἰῑί
284 2095 330 2138 (v.
356 2108 382 2128 c,
409 2097 484 2129 edd.
510 2096 593 2140 M.):
618 2097 732 2141 „prius
764 2096 920 2129 ordinem
945 2093 1079 2139 possit.“
1103 2092 1143 2124 R.

108 2150 144 2193 ⁷)
170 2150 271 2184 Deest
293 2155 364 2190 ‚,et“
389 2151 423 2184 in
449 2153 525 2185 edd.
550 2153 599 2185 M.

108 2205 145 2248 Β)
170 2206 302 2239 Levitic.
329 2207 384 2246 IV,
408 2208 439 2242 3.
463 2227 506 2232 -—
529 2210 583 2244 22.
608 2229 648 2235 —
674 2209 726 2243 13.
751 2227 791 2233 --
817 2208 870 2242 27.
894 2219 984 2250 seqq.

109 2260 146 2305 ⁹)
172 2261 241 2296 Cfr.
267 2263 281 2296 I
307 2262 386 2297 Cor.
416 2264 490 2304 Vll,
513 2265 543 2298 5.
641 2265 698 2308 ¹⁰)
723 2263 823 2297 Rom.
847 2262 924 2306 XII,
948 2263 977 2296 1.
