1377 2454
317 101 669 136 commem-Amanum
693 97 764 131 Lm.
791 97 866 131 VII.
1097 100 1142 137 97

13 205 57 236 te,
78 204 158 228 tunc
181 195 339 231 autem,“
363 189 488 235 cum¹)
519 187 646 222 venerit
668 187 776 221 Filius
799 186 947 220 hominis
970 186 1006 220 in
1032 188 1140 231 gloria

12 255 119 290 Patris
150 264 182 288 et
215 262 410 287 sanctorum
435 250 649 294 angelorum,
685 248 876 282 videbimus
914 249 1070 294 „sacie²)
1095 252 1139 284 ad

12 317 180 356 faciem,“
212 315 298 349 sicut
321 323 352 347 et
371 314 522 348 Joannes
546 310 644 344 dixit:
675 308 824 355 ,‚quia³)
849 310 1038 345 videbimus
1063 325 1141 346 eum

12 377 108 412 sicuti
133 382 212 411 est.“
256 377 325 410 Sed
338 375 374 421 ⁴)
400 384 432 408 et
454 374 510 407 illa
535 381 647 418 potest
668 371 773 405 videri
797 371 913 413 gloria,
938 385 1024 416 quae
1049 387 1143 408 reve-

12 440 114 472 landa
139 448 203 479 est,
235 451 313 472 cum
343 437 386 470 (le
417 434 552 478 singulis
585 433 777 479 quibusque
800 433 989 467 rationibus
1012 435 1145 477 mundi,

13 501 66 534 vel
90 514 227 541 eorum,
259 511 345 544 quae
377 511 477 542 supra
500 497 669 529 mundum
692 504 789 535 sunt,
815 495 965 539 coeperit
988 496 1143 529 doctrina

16 561 191 605 cognoscI‚
223 570 254 594 et
278 558 423 593 thesauri
439 559 473 604 5)
504 557 686 603 sapientiae
711 555 781 602 ejus
806 570 844 590 ac
868 556 1027 590 scientiae
1050 571 1144 592 reve—

14 623 86 656 lari.
131 623 214 656 Post
238 623 320 655 haee
343 621 440 653 dicit:
465 633 565 661 „nam
578 618 614 664 6)
629 617 829 663 exspectatio
854 628 1027 652 creaturae
1051 633 1145 654 reve-

14 684 177 717 lationem
200 683 348 716 filiorum
373 681 441 714 Dei
465 684 661 725 exspectat.“
694 681 825 713 Volens
845 682 1025 714 ostendere
1048 683 1145 727 Apo-

14 746 131 785 stolus,
157 754 280 789 quanta
305 742 480 788 qualisque
509 742 550 776 sit
574 741 699 784 gloria,
725 755 811 786 quae
835 742 1014 776 revelanda
1038 752 1087 777 est
1111 743 1147 777 in

14 806 99 851 ipso,
123 807 175 839 vel
199 806 234 838 in
259 805 324 845 his,
356 803 414 849 qui
427 805 461 848 ⁷)
493 817 615 846 agones
648 802 772 836 Christi
809 803 937 846 integre
961 805 1147 839 desudave-

14 866 91 907 rint,
115 866 160 899 ait
183 867 282 900 etiam
307 876 505 906 creaturam,
527 874 648 911 utpote
671 864 920 906 rationabilem,
943 867 1069 901 habere
1094 880 1149 900 ex-

15 929 257 974 spectationem
291 929 479 973 quandam,
521 937 557 960 et⁴
583 940 678 972 spem
710 939 824 969 gerere
856 928 1020 972 temporis
1050 929 1151 985 illius,

18 1003 87 1034 quo
111 991 291 1023 revelanda.
324 999 373 1023 est
403 989 509 1032 gloria
532 989 684 1022 filiorum
707 988 792 1029 Dei,
816 990 881 1022 hoc
906 999 970 1030 cst,
994 1004 1071 1024 cum
1097 1005 1152 1024 re—

18 1051 223 1084 velabuntur
257 1065 313 1091 ca,
350 1065 436 1096 quae
465 1059 664 1095 praeparata
695 1059 774 1083 sunt
798 1050 865 1090 his,
902 1051 959 1095 qui
992 1052 1053 1084 filii
1085 1052 1153 1085 Dei

22 1112 140 1156 cssefl)
165 1113 396 1151 merebuntur,
421 1122 477 1144 aut
494 1121 582 1144 certe
601 1125 678 1143 cum
700 1112 813 1144 ablato
839 1113 881 1144 ab
904 1112 955 1146 his
979 1114 1154 1155 velamine,

23 1187 92 1219 quo
118 1175 333 1216 obteguntur,
345 1173 547 1206 manifestati
566 1173 692 1206 suerint
708 1172 781 1218 ipsi,
807 1173 883 1218 quia
901 1174 961 1206 filii
982 1175 1049 1208 Dei
1067 1186 1155 1212 sunt.

24 1235 123 1280 Quae
147 1244 259 1268 autem
285 1244 333 1268 est
356 1244 529 1275 creatura,
556 1248 642 1279 quae
665 1234 926 1274 „revelationem
939 1235 976 1279 ⁹)
1003 1236 1155 1271 filiorum

22 1297 90 1330 Dei
110 1295 322 1341 exspectat?“
346 1295 448 1336 Haec,
468 1295 586 1340 inquit,
612 1309 698 1340 quae
711 1309 803 1328 nunc
822 1295 980 1336 „vanitati
996 1297 1052 1341 ¹⁰)
1074 1300 1156 1332 sub-

21 1358 109 1404 jecta
132 1362 218 1391 cst:“
243 1356 394 1402 subjecta
418 1366 530 1389 autem
554 1371 647 1397 „non
671 1357 819 1397 volens,“
842 1370 906 1390 nec
928 1368 1050 1403 sponte
1074 1373 1157 1405 pro-

22 1420 107 1465 pria,
130 1420 189 1452 sed
211 1418 385 1451 voluntate
409 1416 490 1463 ejus,
516 1417 573 1462 qui
599 1418 768 1463 dispensat
801 1418 964 1452 universa.
1011 1421 1159 1466 Propter

23 1482 134 1527 ipsum
159 1494 238 1523 ergo
257 1479 264 1498 ¹
280 1479 310 1524 ¹)
332 1478 482 1525 subjecta
507 1489 572 1512 est:
598 1477 749 1524 subjecta
773 1489 887 1513 autem
910 1494 981 1514 non
1008 1495 1045 1515 ea
1070 1497 1155 1516 con-

26 1543 165 1583 ditione,
188 1552 227 1575 ut
250 1551 384 1575 maneat
407 1555 540 1586 semper
551 1541 701 1588 subjecta
717 1541 865 1582 vanitati,
889 1544 948 1575 sed
972 1557 1049 1578 cum
1075 1559 1158 1590 qua-

26 1606 105 1639 dam
128 1618 195 1650 spe.
243 1604 342 1648 Quae
365 1612 478 1637 autem
502 1603 544 1636 sit
565 1616 639 1648 spes
661 1603 732 1644 ista,
756 1614 1004 1639 commemorat
1028 1605 1160 1640 dicens:

123 1759 158 1804 ¹)
181 1759 288 1792 RIarc.
311 1758 404 1798 VIII,
428 1758 481 1793 38.
577 1759 614 1803 ²)
639 1759 653 1791 I
678 1759 757 1793 Cor.
783 1760 878 1800 XIII,
903 1761 955 1796 12.

120 1815 157 1860 ³)
182 1816 197 1847 I
221 1816 346 1847 Joanu.
372 1814 433 1854 III,
458 1814 490 1847 2.

122 1870 159 1914 α“)
184 1869 274 1903 Alias
299 1876 346 1915 (v.
371 1883 396 1903 c.
422 1870 457 1902 in
482 1870 534 1902 ed.
559 1870 607 1902 Μ.
634 1868 712 1914 ῙῙ.);
750 1871 841 1910 „Sed
878 1870 976 1903 etiam
1003 1871 1059 1905 illa
1086 1882 1164 1917 pot-

32 1919 101 1949 cst“
125 1924 202 1956 etc.;
235 1915 276 1948 al.
312 1915 390 1955 „Sic
424 1925 457 1948 et
491 1915 549 1947 illa
584 1919 716 1958 potest“
747 1925 806 1949 etc.
839 1915 879 1950 R.
903 1936 945 1942 —
970 1917 1033 1950 Ed.
1059 1918 1106 1951 M.
1133 1920 1165 1953 I:

32 1962 122 2002 „Sed
146 1960 246 1993 etiam
268 1960 304 1992 in
326 1960 382 1992 illa
407 1963 540 2004 potest¹‘
565 1969 626 1992 cte.

127 2015 162 2060 5)
189 2015 257 2048 Csr.
283 2015 412 2048 Coloss.
441 2017 484 2056 II,
508 2017 539 2050 3.

127 2070 164 2114 ⁶)
188 2071 289 2103 Rom.
314 2072 406 2111 vm,
429 2072 481 2106 19.
1083 2063 1094 2076 “

128 2127 165 2169 7)
190 2126 279 2160 Edd.
303 2127 458 2160 Merlini:
483 2127 562 2172 „qui
587 2128 621 2160 in
647 2132 791 2170 ειξζοῐιῠειι
823 2139 884 2162 etc.

127 2182 164 2225 8)
189 2182 281 2214 Editi
305 2183 352 2225 (e.
377 2196 402 2215 c.
429 2183 505 2216 edd.
531 2183 617 2227 M.)·
641 2184 775 2223 „vocari
800 2187 1052 2219 merebuntur.“
1079 2187 1115 2219 R

128 2236 164 2279 9)
188 2238 288 2270 Rom.
313 2238 406 2278 Vlll,
430 2240 482 2272 19.
579 2240 634 2283 ιο)
660 2241 758 2273 Rom.
786 2241 875 2280 Vlll,
899 2245 951 2277 20.

1 2337 4 2342 1
113 2292 169 2335 ¹¹)
193 2292 286 2326 Editi
311 2294 358 2337 (v.
385 2307 411 2326 c.
439 2295 514 2326 edd.
539 2295 626 2338 M.):
653 2301 816 2337 „autem.“
843 2298 880 2330 R.

0 2354 3 2358 '
45 2353 222 2390 Omenms
247 2354 386 2389 OPERA.
420 2354 516 2390 Tom.
542 2356 614 2390 vn.
959 2359 977 2391 7
