1320 2444
167 74 237 108 274
446 70 625 104 Omemws
647 79 686 103 m
707 70 769 103 Ep,
792 79 840 104 An
866 68 1044 104 Roivumos

173 162 364 206 crednnt¹)
389 161 445 202 „in
479 174 576 200 enm,
615 160 672 205 qui
703 160 870 193 suscitavit
894 160 1066 193 Christum
1080 160 1117 205 ²)
1147 160 1266 193 Jesum
1291 173 1310 194 a

172 225 347 258 mortuis.“
393 223 436 255 Et
459 222 648 256 secundum
681 222 747 254 hoc
780 234 856 263 erga
881 221 1077 267 hujusmodi
1107 235 1223 255 semen
1246 221 1310 262 „si-

171 286 263 330 ne3)
288 285 496 331 poenitentia
519 294 598 318 sunt
631 284 723 316 dona
759 293 791 315 et
815 283 949 316 vocatio
975 283 1073 316 Dei.“
1118 284 1201 317 Post
1226 284 1309 316 haec

171 361 250 380 vero
278 346 427 391 ctiam⁴>
454 348 592 379 latentes
607 345 641 388 ⁵)
667 355 698 378 ct
722 346 966 389 profundiores
989 344 1231 378 incredulitatis
1250 357 1308 377 eo-

172 423 247 441 rum
273 408 380 453 aperit
404 421 528 446 causas,
554 416 585 440 ct
606 407 750 451 dicitzss)
776 407 855 451 qnia
875 407 960 440 sicut
979 420 1035 440 vos
1060 406 1185 440 Gentes
1198 419 1309 450 quon-

172 472 250 503 dam
275 484 345 503 non
374 469 560 502 credebatis
585 469 672 508 Deo,
698 482 760 501 nec
785 478 899 502 tamen
923 469 1051 502 idcirco
1074 467 1207 512 penitus
1232 467 1310 500 reli-

173 534 245 577 quit
269 547 327 565 vos
352 533 466 570 Deus,
498 531 557 564 sed
583 530 768 574 aliquando
795 531 838 563 ad
863 530 1017 563 ultimam
1041 529 1308 563 misericordiam

172 594 345 628 consecuti
369 594 461 626 estis:
488 592 620 625 occasio
646 601 755 624 tamen
783 593 1014 624 conferendae
1027 592 1062 636 ⁷)
1092 591 1128 624 in
1159 604 1218 624 vos
1242 590 1308 622 mi-

169 656 393 694 sericordiae,
429 654 550 699 populi
584 655 685 687 Israel
717 654 935 687 incredulitas
969 654 1103 687 exstitit:
1138 652 1182 685 ita
1208 653 1310 685 etiam

172 719 218 757 hi,
242 719 298 762 qui
324 731 415 750 nunc
447 718 488 749 de
520 717 651 760 populo
678 716 779 748 Israel
811 729 885 748 non
910 716 1143 756 crediderunt,
1175 723 1207 747 ct
1242 727 1307 758 pro

172 780 407 813 incredulitate
430 790 488 810 sua
514 775 664 809 derelicti
689 786 783 816 sunt,
813 776 901 819 ute)
939 778 981 810 ad
1006 790 1065 810 vos
1089 776 1156 809 Dei
1180 776 1308 809 miseri-

172 842 288 874 cordia
313 841 512 878 flecteretur,
535 851 607 870 non
632 851 737 881 usque.
764 851 899 882 quaque
932 838 1167 882 relinquentur
1197 837 1230 870 in
1257 838 1308 870 in-

172 904 372 937 credulitate
395 914 474 940 sna,
505 901 563 932 sed
576 899 611 943 ⁹)
644 909 865 943 posteaquam
898 898 1120 944 plenitudinis
1146 899 1309 932 Gentium

173 965 275 999 fuerit
298 965 435 1008 impleta
462 961 686 1005 dispensatio,
717 962 816 994 etiam
842 961 906 1005 ipsi
931 960 1201 993 misericordiam
1227 974 1311 992 con—

172 1036 366 1071 sequentur.
398 1025 435 1056 ln
453 1036 522 1067 quo
547 1023 663 1055 volens
685 1023 871 1066 Apostolus
895 1023 1082 1055 bonitatem
1105 1021 1172 1054 Dei
1198 1030 1312 1054 osten-

172 1090 264 1128 dere,
287 1101 352 1131 qua
370 1085 426 1128 ¹⁰)
451 1084 685 1117 incredulitate
707 1084 854 1117 aliorum
873 1084 1020 1117 aliorum
1044 1084 1186 1117 salutem
1211 1084 1306 1116 facit:

269 1227 303 1270 ¹)
328 1227 429 1259 Rom.
456 1226 513 1264 IV,
537 1225 590 1258 24.

265 1284 301 1326 ²)
328 1282 507 1315 Omittitur
535 1280 754 1320 „Christum“
788 1279 824 1312 in
856 1279 952 1314 editis
985 1278 1032 1323 (v.
1071 1292 1098 1311 c.
1131 1277 1208 1310 edd.
1234 1276 1310 1321 NL),

172 1331 229 1362 sed
256 1327 439 1361 restituitur
463 1341 500 1359 cx
527 1326 686 1359 omnibus
712 1325 791 1359 Mss.
823 1325 862 1358 R.

266 1384 303 1428 ³)
327 1384 428 1416 Rom.
455 1383 514 1421 XI,
538 1383 592 1416 29.

263 1440 297 1485 ⁴)
325 1440 428 1472 Deest
453 1440 487 1472 in
514 1438 607 1471 editis
631 1438 678 1482 (v.
704 1450 729 1468 c.
756 1437 832 1468 edd.
856 1435 942 1480 MA)
968 1436 1120 1476 „cfiamf‘
1146 1433 1184 1466 R.

266 1497 302 1540 ⁵)
328 1496 411 1528 Msc.
430 1495 508 1535 Reg.
523 1508 617 1527 num.
640 1492 738 1527 1639.
764 1492 915 1531 „latentis
936 1501 967 1524 et
983 1489 1252 1537 profundioris.“
1270 1490 1308 1522 Ρι.

265 1553 301 1593 ⁶)
329 1551 396 1585 Cfr.
424 1551 523 1583 Rom.
549 1550 610 1589 XI,
634 1550 687 1583 30.
712 1549 765 1582 31.

264 1608 300 1651 ⁷)
326 1608 413 1640 Edd.
432 1606 585 1638 Merlini:
604 1605 635 1638 in
655 1618 714 1637 vos
732 1605 961 1636 conferendae
976 1602 1230 1636 misericordiae
1248 1612 1311 1636 etc.

266 1666 303 1707 ὃ)
329 1665 385 1697 Sic
410 1663 493 1695 Msc.
526 1661 606 1702 ch.
632 1674 725 1693 num.
753 1660 870 1699 1639,
894 1660 1075 1698 ltabanus,
1100 1667 1132 1691 et
1157 1657 1237 1691 editi
1261 1658 1306 1702 (e.

173 1727 198 1745 c.
225 1712 300 1744 edd.
326 1709 404 1750 M.)
466 1707 579 1740 Ceteri
610 1720 690 1739 vero
717 1706 795 1738 Blss.
820 1716 878 1746 „ut
901 1719 961 1738 vos
984 1705 1051 1737 Dei
1074 1703 1306 1737 misericordia

173 1755 468 1801 amplecteretnrf‘
493 1752 532 1784 R.

264 1812 300 1853 9)
327 1810 502 1842 Rabanus:
529 1810 608 1848 „sed
635 1817 857 1852 posteaquam
874 1804 1054 1849 plenitudo
1079 1803 1241 1837 Gentium
1255 1804 1308 1836 in-

170 1857 338 1890 traverit.“
386 1855 453 1886 Sed
480 1867 598 1886 omnes
622 1854 701 1886 Mss.
739 1862 771 1884 et
803 1850 882 1884 editi
914 1851 962 1894 (v.
995 1863 1024 1882 c.
1051 1851 1127 1882 edd.
1150 1850 1222 1892 ·M.‚
1244 1847 1307 1881 nisi

170 1904 264 1947 quod
298 1901 436 1933 eaedem
470 1912 548 1931 cum
582 1899 762 1931 exhibeant
798 1909 879 1941 pro:
915 1894 1183 1940 posteaquam)
1213 1893 1305 1926 utin

173 1957 275 1980 textu.
303 1947 341 1978 R.

244 2002 299 2045 ¹⁰)
324 2002 379 2034 Sic
404 2009 492 2032 recte
526 1999 609 2031 M'sc.
642 1998 719 2039 Reg.
752 2010 844 2029 num.
877 1995 975 2029 1639.
1029 1993 1122 2026 Editi
1153 2006 1232 2026 vero
1259 1991 1305 2035 (ν.

172 2063 197 2080 c.
225 2049 299 2080 edd.
325 2046 412 2089 M.):
446 2044 543 2087 „quia
569 2043 841 2076 incredulitatem
873 2041 1010 2073 illorum
1044 2040 1186 2072 salutem
1218 2036 1305 2075 facit,

171 2094 279 2138 inquit
301 2093 371 2136 (ed.
396 2090 443 2122 M.
469 2091 498 2120 l:
527 2099 561 2120 ct
586 2087 742 2132 inquic):
770 2086 937 2119 conclusit
954 2086 1042 2117 enim
1062 2084 1155 2117 Deus
1171 2081 1305 2115 omnia“

171 2149 231 2170 etc.
268 2138 344 2169 Mss.
371 2137 439 2168 duo
468 2134 576 2175 Regii:
605 2133 704 2177 „quia
739 2131 1011 2164 incredulitatem
1036 2129 1135 2161 Israel
1162 2128 1305 2160 aliorum

168 2186 306 2216 salntem
338 2182 429 2219 tacit,
463 2179 645 2217 conclusit,
670 2178 797 2220 inquit,
824 2177 916 2208 Deus
943 2178 1083 2207 omnes“
1109 2182 1168 2205 etc.
1194 2172 1303 2203 Raba-

170 2242 248 2260 nns:
274 2228 372 2271 „quia
400 2240 460 2269 per
485 2223 751 2256 incredulitatem
779 2221 925 2254 aliorum
945 2220 1088 2253 salutem
1105 2218 1194 2256 facit,
1221 2228 1302 2248 cou-

170 2273 276 2312 clnsit,
300 2272 418 2315 inquit,
443 2271 536 2302 Deus
562 2272 702 2302 omnes“
726 2275 786 2299 etc.
813 2267 851 2298 R.
