1320 2444
136 71 206 108 390
415 70 595 106 Omonms
617 78 657 105 m
679 68 741 104 Ep.
766 75 812 104 An
839 69 1018 106 Rommos

138 161 212 197 aliis
236 160 372 196 dixerit:
409 172 495 203 „ego
527 161 555 195 si
587 160 788 195 hominibus
810 161 999 206 placerem,
1023 158 1149 195 Christi
1171 172 1284 196 servus

138 237 213 258 non
237 226 373 259 essem.“
420 222 466 256 Et
489 222 605 268 utique
629 221 709 256 huic
732 222 919 257 sententiae
949 222 1084 258 videtur
1106 235 1175 258 esse
1199 236 1284 257 con-

138 284 299 325 trarium,
337 284 423 329 ut¹)
457 282 784 328 ‚,unusquisque“²)
813 292 969 317 nostrum
993 284 1171 329 „proximo
1210 285 1287 330 pla-

142 351 248 387 ceat,“
273 356 306 380 et
329 346 424 391 quod
447 345 483 378 in
508 345 579 379 aliis
605 345 700 378 dicit:
725 344 883 388 ‚,sicut3)
908 354 939 378 et
951 357 1012 387 ego
1039 345 1201 380 omnibus
1223 359 1288 391 per

142 409 258 442 omnia
283 409 417 453 placen,
440 421 513 440 non
537 419 702 452 quaerens
728 406 822 451 quod
839 406 922 439 mihi
937 406 1019 441 utile
1033 415 1089 446 est,
1112 407 1172 440 sed
1191 407 1288 451 quod

140 471 275 510 multis,
297 478 335 502 ut
365 468 446 501 salvi
470 469 584 502 fiant.“
643 468 842 502 Dicendum
881 479 960 509 ergo
994 468 1037 501 ad
1068 468 1169 508 haec,
1209 468 1288 512 quia

142 531 236 564 aliud
262 540 319 571 est,
342 530 493 563 studium
520 529 647 563 habere
668 528 830 574 placendi
855 527 1064 569 hominibus,
1087 537 1125 562 ut
1147 530 1286 562 laudem

143 594 186 626 ab
212 592 251 626 iis
276 590 482 637 quaeratt4)
516 600 548 624 et
579 591 671 624 aliud
708 599 773 631 est,
806 590 955 624 studium
980 590 1108 623 hahere
1131 589 1291 635 placendi

142 653 343 687 hominibus
374 652 411 686 in
445 665 506 693 eo,
543 661 580 685 ut
612 652 678 685 vita
710 666 769 686 sua
801 650 1109 697 irreprehensibilis
1132 651 1173 684 sit
1195 651 1290 696 apud

141 714 312 754 homines,
337 723 369 747 et
392 713 576 759 proficiant
601 726 638 746 ex
663 727 704 747 eo
731 727 862 753 omnes,
888 714 946 759 qui
962 713 1014 747 vel
1038 712 1153 746 vident
1175 713 1290 753 talem,

141 777 194 810 vel
222 776 374 809 audiunt.
421 774 524 820 Ibi⁵)
557 787 637 817 ergo
671 776 880 820 placendum
913 788 985 808 non
1012 784 1059 808 est
1082 773 1290 816 hominibus,

141 837 203 871 ubi
228 846 347 870 contra
372 836 537 880 fidem,⁶)
563 846 681 870 contra
707 837 929 877 honestatem,
954 845 1073 869 contra
1089 836 1290 878 religionem

143 907 201 938 est,
226 898 310 941 in7)
336 911 404 942 quo
429 899 620 942 placeatur:
656 906 687 930 et
710 897 790 930 ideo
816 897 915 931 dicit:
951 897 1029 942 quia
1053 897 1101 937 „si
1113 897 1150 942 Β)
1175 896 1290 931 homi-

142 959 245 992 nibus
269 959 473 1003 placcrem,“
499 958 565 991 hoc
591 968 648 999 est,
671 958 856 992 incredulis
882 968 915 992 et
930 958 1125 992 infidelibus
1139 959 1290 999 Judaeis,

146 1018 273 1053 Christi
304 1033 437 1060 „servus
473 1032 547 1052 non
589 1024 725 1054 essem.“
779 1019 816 1053 Si
853 1019 945 1053 enim
975 1019 1134 1054 voluisset
1162 1019 1290 1053 Paulus

142 1082 281 1126 placere
304 1080 464 1121 Judaeis,
499 1081 711 1115 Damascum
745 1095 822 1115 cum
855 1082 1005 1126 epistolis
1028 1081 1147 1115 missus
1161 1080 1197 1126 ⁹)
1221 1090 1290 1115 tra-

144 1142 241 1176 xisset
271 1143 389 1187 utique
412 1143 503 1177 viros
528 1143 632 1188 et¹⁰)
664 1142 823 1176 mulieres
848 1143 978 1177 vinctos
1003 1143 1290 1190 Hierosolymam,

145 1213 178 1238 et
201 1204 323 1238 visioni
348 1205 478 1239 delatae
500 1204 564 1239 sibi
587 1204 623 1238 in
647 1205 710 1245 via,
735 1204 1011 1250 coelestiqueU)
1045 1206 1122 1239 voci
1146 1205 1288 1239 minime

239 1343 278 1388 ι)
302 1342 395 1376 Editi
424 1343 474 1388 (v.
499 1358 526 1377 c.
552 1344 628 1378 edd.
652 1343 741 1388 M.):
774 1352 834 1384 „ut
864 1343 1097 1390 unusquisque
1127 1344 1287 1389 proximo

146 1400 209 1421 suo
233 1389 382 1440 placeat,
415 1390 510 1433 quod
534 1389 570 1422 in
595 1389 666 1422 aliis
691 1389 790 1422 dicit:
820 1389 907 1424 sicut
938 1399 970 1422 et
994 1401 1055 1431 ego
1085 1401 1147 1434 per
1172 1388 1290 1422 omnia

147 1434 346 1467 homlmbus
371 1434 505 1477 placeo,
529 1438 623 1466 non“
647 1443 708 1467 etc.
732 1433 772 1467 R.

241 1488 280 1533 ²)
306 1488 377 1522 Cfr.
403 1489 505 1523 Rom.
531 1489 608 1530 XV,
633 1491 666 1524 2.

239 1545 280 1590 ³)
304 1544 319 1577 I
344 1544 426 1579 Cor.
449 1545 495 1585 X,
517 1546 572 1580 33.
598 1546 675 1579 coll.
700 1558 774 1590 pag.
800 1544 870 1591 huj.
894 1554 966 1579 not.
989 1547 1021 1581 1.

242 1600 280 1644 ⁴²)
304 1600 392 1634 Edd.
416 1600 573 1634 Merlini:
594 1610 777 1645 quaerant:
803 1609 835 1633 et
859 1600 953 1634 aliud
977 1600 1105 1634 habere
1126 1599 1285 1645 placendi

148 1645 299 1699 studium
324 1646 522 1680 hominibus
546 1646 580 1679 in
607 1659 661 1687 eo,
683 1656 721 1680 ut
739 1666 779 1672 —
797 1646 839 1679 sit
854 1647 946 1691 apud
972 1659 1102 1687 omnes,
1126 1654 1158 1679 et
1179 1647 1289 1691 profi·

149 1700 241 1725 ciant
266 1700 326 1725 etc.

175 1790 183 1798 ¹
242 1745 279 1791 ⁵)
302 1746 392 1780 Edd.
416 1745 571 1780 Merlini:
596 1745 649 1780 Ibi
674 1758 753 1789 ergo
778 1761 851 1781 non
876 1757 923 1782 est
947 1747 1154 1792 placendum
1179 1747 1292 1780 homi-

148 1792 260 1831 nibus,
283 1792 344 1824 ubi
370 1800 432 1825 etc.

241 1846 279 1891 6)
303 1846 397 1880 Editi
420 1848 459 1892 (e
495 1861 523 1881 c.
549 1847 625 1881 edd.
649 1847 738 1892 Ma)
762 1847 932 1889 ‚,Deum,“
957 1861 1039 1894 pro:
1063 1847 1221 1888 ‚,fidem.“
1248 1848 1289 1881 R.

241 1902 278 1947 ⁷)
302 1903 387 1938 Msc.
410 1904 493 1946 Reg.
517 1917 611 1937 num.
636 1903 745 1943 1639„
769 1913 801 1936 et
829 1904 1008 1938 Rabanus:
1039 1905 1096 1945 „in
1122 1919 1190 1950 quo
1216 1906 1289 1950 pla-

149 1949 399 2028 ‡g;?J:“R·Sed
433 1950 534 1983 ceteri
565 1949 644 1983 Mss.
680 1958 712 1982 et
748 1949 828 1983 editi
858 1950 906 1994 (e.
930 1963 957 1984 c.
983 1952 1058 1985 edd.
1084 1951 1155 1995 Μ.)
1192 1960 1229 1984 ut
1253 1950 1287 1983 in

241 2048 279 2095 ὃ)
306 2049 415 2083 Galat.
442 2050 466 2090 I,
492 2050 544 2085 10.

240 2106 278 2150 9)
310 2106 380 2140 Cfr.
403 2107 478 2140 Act.
502 2106 563 2146 IX,
586 2107 617 2139 2.
641 2118 709 2150 seq.

220 2162 276 2207 ¹⁰)
301 2163 389 2196 Edd.
412 2162 568 2196 Merlini:
594 2175 632 2196 ac
657 2162 823 2196 mulieres.

217 2218 275 2295 ¹1¹³)
298 2218 390 2253 Editi
422 2218 468 2264 (e.
494 2231 520 2252 c.
548 2219 623 2253 edd.
648 2217 733 2263 ΜΛ)
765 2217 990 2263 „coelestique
1014 2217 1100 2252 vitae
1124 2217 1285 2252 minime“

147 2272 207 2297 etc.
267 2290 273 2296 .
