1377 2454
326 66 678 102 COMMENTARJORUM
700 66 774 99 Lm.
800 66 883 100 V11.-
1105 66 1172 102 105

40 157 196 202 ssuum')
222 165 271 191 est
300 158 386 190 ultra
419 169 554 202 sperare
584 169 671 201 quae
694 156 794 189 videt.
841 156 913 188 Nos
938 165 1051 189 autem
1076 169 1172 200 spem

42 233 113 253 non
136 219 300 252 habemus
324 219 360 252 in
383 218 443 258 his,
469 231 554 262 quae
578 217 743 257 videntur⁷
767 231 810 250 ne
825 217 932 250 inanis
953 217 993 250 sit
1009 231 1082 262 spes
1105 231 1172 249 no·-

41 290 117 320 stra,
141 281 200 313 sed
224 280 259 313 in
283 280 343 321 his,
369 293 455 325 quae
478 293 548 312 non
580 278 745 312 videmur.
798 279 844 312 Et
867 278 956 319 ideo,
983 279 1059 323 quia
1086 292 1173 323 quae

40 355 111 375 non
136 341 292 375 videntur
315 355 502 387 speramus,
537 350 569 373 et
600 350 669 373 tam
692 353 811 382 magna
837 351 915 374 sunt
938 350 1074 384 tamque
1099 341 1174 383 glo-

40 402 145 444 riosa,
180 413 217 436 ut
251 404 365 436 multis
395 402 588 442 laboribus,
623 401 808 446 multisque
839 402 1116 435 tribulationibus
1141 410 1174 434 et

40 464 199 509 periculis
225 464 409 509 capiantur,
434 463 559 497 idcirco
585 476 621 496 ea
643 477 705 508 per
719 463 914 508 patientiam
934 472 1173 508 exspectamus,

40 534 202 571 tanquam
226 527 277 559 vix
301 527 485 571 aliquando
510 534 661 557 ventura.
709 525 801 558 Haec
826 525 980 565 diximus,
1005 525 1173 558 directum

44 588 232 632 quendam,
264 597 296 621 et
321 587 519 620 lucidiorem
545 586 759 620 sermonibus
782 586 862 631 ipsis
888 586 1091 631 Apostolicis
1117 599 1175 619 or-

44 648 159 681 dinem
184 650 311 683 dantes.
357 650 474 689 Nunc,
512 647 538 682 si
575 647 726 688 videtur,
752 648 832 692 quid
859 659 927 689 est,
965 649 1058 693 quod
1082 661 1173 680 novo

44 709 110 742 hoc
137 724 293 743 sermone
315 710 459 750 indicet,
490 709 662 743 videamus
696 709 839 754 quod²)
865 709 961 743 dixit:
989 710 1117 752 „sed³)
1143 717 1176 741 et

39 784 102 804 nos
134 771 198 816 ipsi
234 771 396 817 primitias
431 771 574 816 Spiritus
613 772 806 805 habentes.“
864 771 996 806 Scimus
1009 770 1044 815 ¹¹)
1085 769 1175 803 enim

40 832 202 877 scriptum
227 847 296 866 esse
319 833 355 865 in
378 833 467 876 lege:
491 832 724 878 „primitias⁵)
749 847 846 867 areae
871 843 903 866 et
920 832 1083 878 primitias
1102 841 1174 864 tor-

42 894 162 927 cularis
187 908 258 927 non
282 894 494 928 fraudabi52‘*
520 904 568 928 et:
593 894 779 939 „primitias
792 895 828 940 ὅ)
860 894 1014 927 omnium
1039 896 1176 935 frugum

40 964 175 988 tuarum
198 956 321 989 inseres
345 956 380 989 in
406 957 549 990 domum
573 956 715 989 Domini
740 956 807 989 Dei
831 955 911 989 tui.“
952 955 1046 999 Quid
1062 956 1097 998 ⁷)
1122 968 1175 987 er-

43 1016 110 1059 go?
159 1017 255 1050 Sicut
286 1017 454 1062 primitiae
491 1031 588 1050 areae
619 1027 652 1050 et
680 1017 848 1062 primitiae
877 1017 1054 1050 torcularis
1086 1015 1173 1061 ejus-

45 1078 173 1123 dcmss)
197 1079 300 1121 frugis
332 1088 428 1119 sunt,
453 1078 549 1124 cujus
575 1088 622 1111 est
647 1088 680 1112 et
702 1079 833 1123 reliqua
870 1092 962 1118 area,
994 1079 1046 1111 vel
1088 1077 1177 1123 ejus-

44 1140 122 1172 dem
147 1139 305 1183 liquoris,
336 1139 431 1185 cujus
464 1150 495 1173 et
520 1140 688 1179 torcular,
719 1139 808 1172 itane
832 1139 1001 1172 videbitur
1026 1149 1057 1172 et
1082 1141 1177 1184 quod

44 1200 135 1240 digit,
159 1201 326 1245 primitiae
351 1201 494 1246 Spiritus
519 1215 556 1234 ex
580 1201 695 1234 multis
727 1201 865 1245 reliquis
895 1201 1066 1246 spiritibus
1099 1214 1174 1233 san-

44 1261 102 1294 ctis
128 1271 160 1294 et
183 1263 287 1295 beatis
311 1277 398 1296 unus
424 1263 542 1307 aliquis
568 1276 635 1296 esse
659 1262 885 1307 praecipuus?
923 1264 976 1294 An
1001 1263 1086 1295 illud
1110 1277 1175 1307 po-

44 1323 106 1356 tius
131 1323 419 1369 intelligemus,⁹)
454 1325 567 1368 quod,
604 1326 791 1357 secundum
817 1337 871 1364 ea,
904 1337 989 1369 quae
1022 1324 1176 1369 superius

138 1455 172 1501 ¹)
195 1455 288 1488 Editi
329 1456 376 1501 (v.
410 1468 436 1491 c.
469 1456 545 1491 edd.
577 1456 665 1501 M.):
701 1469 793 1497 „non
834 1467 882 1490 est
920 1457 1008 1490 ultra
1041 1469 1176 1502 sperare

44 1503 135 1547 quod
163 1501 283 1534 videm
305 1501 345 1535 R.

135 1558 172 1602 ²)
196 1557 258 1590 Ed.
282 1557 389 1590 Ruaei
412 1558 500 1591 sola:
528 1571 596 1602 quo
625 1558 715 1593 dixit.

135 1614 172 1658 ³)
196 1614 296 1646 Rom.
328 1614 426 1653 VIII,
459 1615 512 1648 23.
537 1633 578 1639 -
602 1614 863 1647 Edd.WIe1-lini
887 1614 918 1647 h.
945 1615 1035 1653 loco,
1060 1616 1117 1648 cfr.
1141 1628 1174 1659 p.

44 1660 120 1695 104.
145 1668 216 1695 not
235 1659 266 1693 3.
291 1659 371 1699 „sed
394 1672 458 1691 nos
482 1658 545 1703 ipsi
569 1659 733 1703 primitias
757 1661 918 1692 habentes
942 1660 1108 1704 spiritus.“

136 1714 172 1758 ⁴²)
199 1714 254 1747 Sic
280 1728 397 1748 omnes
420 1715 657 1754 B‘Iss.nost1i,
696 1724 729 1748 et
761 1716 932 1748 Rabanus.
978 1715 1071 1748 Editi
1095 1730 1175 1749 vero

43 1762 90 1805 (v.
116 1774 142 1793 c.
157 1760 232 1792 edd.
252 1759 338 1804 7M.):
363 1760 556 1803 „Scriptum
573 1769 621 1793 est
639 1760 739 1800 enim,
759 1770 798 1793 ut
813 1760 944 1800 scimus,
970 1760 1003 1792 in
1017 1762 1121 1803 lege.“
1134 1762 1176 1795 R.

137 1816 172 1860 ⁵)
199 1815 249 1848 Cf.
273 1816 374 1850 Num.
399 1816 526 1855 XVIII,
546 1817 600 1850 27.
695 1816 733 1860 ⁶)
756 1817 865 1850 Exod.
889 1816 1053 1857 XXXIV,
1075 1817 1130 1851 26.

136 1870 172 1915 ¹)
197 1871 286 1903 Edd.
308 1870 465 1904 WIe1lini.
493 1871 587 1915 Quid
613 1885 691 1915 ergo
717 1872 803 1905 sicut
824 1882 883 1907 etc.

137 1927 174 1971 ⁸)
199 1927 292 1960 Editi
314 1928 361 1972 (V.
393 1940 418 1959 c.
446 1928 496 1960 ed.
522 1928 571 1961 M.
606 1930 648 1961 ΙΙ.
652 1930 678 1973 )‚
699 1938 736 1979 ’et
758 1930 843 1962 lec.
868 1942 956 1962 unus
978 1929 1060 1971 Reg.
1082 1944 1175 1964 num.

47 1973 143 2007 1639.
177 1971 347 2017 „ejusdem
379 1972 521 2016 liqumis
546 1983 610 2013 est,
653 1973 748 2018 cujus
773 1975 938 2007 torcular.
969 1974 1059 2007 itane
1082 1975 1175 2008 vide-

46 2018 158 2050 bitur“
175 2027 246 2057 cta,
271 2026 302 2049 et
327 2019 447 2050 desunt
461 2019 578 2050 ver:ba
605 2019 728 2060 „fungis
753 2029 838 2059 sunt,
863 2018 958 2070 cujus
976 2029 1024 2052 cst
1049 2030 1080 2052 ·t
1096 2021 1175 2053 ieli-

47 2076 112 2107 qua
137 2075 222 2101 men,
246 2062 297 2094 vel
323 2061 505 2106 ejusdem.“
528 2064 569 2096 R.
585 2084 624 2089 -—
646 2065 709 2097 Ed.
734 2065 782 2097 M
808 2065 839 2097 I:
864 2063 1034 2109 „ejusdem
1062 2066 1174 2109 liquo-

45 2122 89 2140 ris
115 2117 147 2139 et
170 2107 266 2159 cujus
289 2108 460 2140 torculm?
507 2109 600 2141 Itane
633 2109 802 2142 videbitul
811 2114 831 2128 “
863 2119 924 2142 etc.
933 2134 941 2149 ,
967 2110 1096 2143 omissis
1121 2111 1173 2143 iti-

45 2154 122 2186 dem
147 2152 284 2197 leliquis
308 2152 425 2184 verbis.

138 2210 176 2251 ⁰)
200 2208 293 2241 Editi
319 2209 366 2244 (v,
391 2222 416 2239 ‹:.
442 2209 516 2241 cdd.
543 2210 620 2252 M),
646 2219 678 2242 et
701 2211 782 2243 Mss.
808 2210 963 2256 quidam:
997 2210 1173 2255 „intelligi-

47 2267 131 2295 mus,
156 2255 250 2299 quod
275 2266 352 2287 cum
376 2254 562 2287 secuudum
588 2260 645 2288 ea“
671 2264 729 2289 etc.
755 2256 794 2289 Ιι.
