1377 2454
217 92 284 127 222
492 90 668 123 ORIGENIS
692 99 729 122 m
752 92 811 124 ΕΡ.
835 98 883 124 An
909 89 1087 124 Rommos

217 179 336 214 tium.“
378 179 417 214 In
443 193 511 225 quo
539 179 724 223 Apostolus
749 179 887 223 quidem
913 180 1113 225 gener-‘ilem
1135 180 1264 214 indicat
1287 195 1352 214 no-

218 255 297 275 men
324 240 438 280 officii,
463 241 519 284 qui
544 253 616 273 non
633 242 743 274 solum
759 241 943 285 praedicet,
966 242 1025 274 sed
1041 250 1073 274 et
1089 244 1226 276 doceat:
1254 256 1352 287 prae-

218 303 308 337 dicet
333 302 469 347 quidem
493 302 682 347 simplicem
718 302 841 341 fidem,
878 311 916 336 ut
939 302 1021 343 illis,
1046 304 1170 348 quibus
1195 304 1253 337 ait:
1278 304 1351 343 „ni-

217 366 264 398 hil
279 365 314 409 ²)
341 364 430 397 enim
454 363 601 409 judicavi
627 377 680 397 me
704 365 788 397 scire
810 364 899 397 inter
916 378 985 405 vos,
1008 365 1073 398 nisi
1103 366 1219 399 Jesum
1249 365 1350 399 Chri-

216 437 313 467 stum,
339 436 370 459 et
394 427 485 459 hunc
511 426 705 459 crucifixum
718 431 746 459 :“
772 427 893 460 doceat
914 439 994 460 vero
1020 440 1087 467 eos,
1113 427 1234 471 quibus
1259 429 1350 461 dice-

216 491 290 522 bat:
317 486 582 533 ,‚sapientiam³)
611 497 722 520 autem
752 488 930 532 loquimur
954 488 1041 521 inter
1063 490 1264 534 perfectos.“
1310 490 1349 522 ln

217 551 338 596 quibus
365 549 568 588 ostenditur,
600 551 693 593 quod
718 549 783 584 illis
810 550 946 594 quidem
972 564 1096 584 sonum
1120 550 1348 595 praedicatio—

214 615 265 647 nis
290 610 491 658 protulit,⁴²)
525 611 574 643 his
607 624 687 644 vero
720 611 918 656 sapientiam
956 612 1023 645 Dei
1055 626 1118 658 per
1151 614 1250 645 verba
1285 612 1351 645 dis-

214 675 326 709 seruit.

307 735 443 780 „Sed⁵)
469 735 563 768 dico:
588 734 758 779 numquid
782 735 883 768 lsrael
908 749 980 768 non
1006 735 1190 778 cognovit?
1215 735 1348 769 Primus

214 799 329 831 Moses
354 799 448 831 dicit:
479 810 539 838 ego
573 798 615 829 ad
641 798 903 830 aemulationem
935 811 994 830 vos
1026 799 1194 831 adducam
1215 797 1249 830 in
1277 810 1347 830 non

215 870 365 902 gentem,
396 859 431 891 in
457 868 587 900 gentem
621 858 821 892 insensatam
838 857 874 901 6)
906 858 939 890 in
966 858 1050 891 iram
1075 873 1134 892 vos
1158 860 1348 892 inducam.“

215 923 359 955 Videtur
384 935 432 960 ea,
458 933 543 964 quae
566 921 719 964 superius
744 920 842 958 dixit,
875 921 916 952 de
941 919 1106 953 Gentibus
1131 922 1348 965 prolocutus;

213 997 306 1017 nunc
331 997 422 1022 vero,
447 992 484 1014 ut
507 982 569 1014 sibi
594 981 699 1014 moris
724 991 782 1020 est,
806 981 904 1013 etiam
932 982 972 1013 de
997 981 1096 1014 lsrael
1127 981 1347 1026 subjungere:

215 1056 247 1079 et
269 1046 351 1084 vult,
377 1045 471 1089 quod
488 1042 723 1076 inexcusabilis
738 1043 779 1075 sit
796 1043 908 1082 lsrael,
932 1043 1069 1075 testibus
1097 1042 1228 1076 idoneis
1254 1056 1348 1075 com-

213 1108 373 1153 probare.
434 1106 528 1149 lpse,
574 1104 698 1148 inquit,
734 1103 846 1137 Moses
880 1103 961 1136 dicit
1000 1117 1036 1136 ex
1076 1117 1220 1148 persona
1263 1104 1346 1136 Dei:

214 1183 295 1210 „ego
308 1167 344 1211 7)
360 1169 402 1200 ad
420 1166 683 1200 aemulationem
706 1179 762 1198 vos
781 1166 950 1199 adducam
968 1165 1002 1198 in
1018 1180 1088 1198 non
1109 1175 1238 1208 gentem
1251 1169 1279 1197 :“
1305 1167 1347 1198 de

214 1230 411 1264 Christianis
435 1228 506 1262 sine
538 1228 645 1261 dubio
672 1227 803 1267 dicens,
842 1228 900 1272 qui
932 1240 950 1259 a
973 1228 1051 1261 Deo
1076 1228 1119 1259 ad
1146 1226 1346 1259 aemulatio—

212 1307 291 1326 nem
318 1291 440 1337 prioris
464 1290 586 1335 populi
611 1289 777 1322 increduli
804 1299 834 1322 et
854 1288 1073 1322 contemtoris
1098 1289 1234 1322 assumti
1259 1298 1347 1321 sunt.

213 1355 283 1387 Sed
308 1353 459 1385 videatur
483 1351 630 1384 fortassis
655 1361 786 1392 gentem
812 1364 830 1383 a
858 1351 936 1384 Deo
968 1350 1048 1384 fidei
1079 1350 1200 1383 merito
1231 1360 1262 1382 et
1288 1351 1346 1382 de-

211 1415 359 1448 votionis
389 1415 529 1446 electam
564 1413 677 1445 Moses
708 1412 904 1458 injuriosius
929 1413 1166 1455 compellasse,
1192 1425 1269 1444 cum
1296 1411 1346 1443 di-

212 1477 272 1510 cit:
299 1477 354 1516 „in
379 1489 448 1508 non
476 1483 606 1515 gentem
619 1479 647 1506 :“
674 1483 704 1506 et
718 1473 753 1517 Β)
780 1473 825 1505 ita
848 1473 947 1506 nihili
972 1474 1106 1513 ducere,
1131 1483 1165 1506 ut
1181 1486 1242 1505 nec
1264 1486 1345 1513 gen-

211 1548 279 1572 tem
313 1551 385 1570 eam
419 1537 591 1580 appellare
623 1536 798 1576 dignetur,
823 1534 926 1579 aut9)
950 1534 977 1567 si
1002 1535 1159 1578 appellet,
1183 1534 1345 1578 insipien-

209 1610 278 1633 tem
294 1599 350 1644 ¹⁰)
374 1598 562 1631 nominare.
609 1597 677 1630 Sed
702 1611 774 1630 non
801 1606 848 1630 est
872 1596 1055 1642 injuriosus
1080 1596 1204 1636 Moses,
1227 1605 1345 1641 utpote

308 1746 340 1790 ι)
365 1745 452 1779 Edd.
475 1743 629 1777 Merlini:
655 1742 826 1784 generalis.
1082 1783 1083 1786 Ἴ
1307 1758 1312 1765 ·

301 1803 338 1846 2)
364 1803 376 1834 Ι
409 1802 489 1834 Cor.
514 1800 555 1840 Il,
590 1801 621 1833 2.
647 1820 688 1825 —
714 1799 800 1831 Edd.
825 1797 980 1831 Merlini:
1017 1798 1102 1831 nihil
1127 1798 1217 1832 enim
1251 1799 1344 1832 aliud

212 1847 356 1893 judicavi
382 1868 423 1873 —
449 1860 517 1885 vos,
542 1846 605 1879 nisi
631 1845 803 1878 Christum
829 1844 956 1875 Jesum.

301 1905 337 1948 3)
364 1905 378 1936 Ι
405 1903 484 1936 Cor.
510 1903 551 1941 Il,
575 1903 606 1936 6.
701 1900 737 1944 4)
761 1899 849 1932 Edd.
873 1898 1029 1931 lWerlini:
1054 1899 1176 1933 intulit.

306 1962 341 2004 ⁵)
365 1961 465 1992 Rom.
491 1959 534 1997 X,
560 1959 612 1992 19.
639 1958 715 1990 coll.
740 1956 877 1987 Denter.
901 1954 1049 1993 XXXH,
1073 1956 1130 1988 21.

303 2017 339 2062 6)
366 2015 458 2048 Editi
491 2016 534 2060 (e.
568 2028 594 2047 c.
620 2015 696 2046 edd.
723 2011 807 2055 Μ.);
838 2010 1073 2055 „insipientem
1108 2013 1141 2045 in
1173 2013 1258 2046 iram
1284 2025 1340 2045 vos

210 2063 375 2097 mittam.“
424 2061 490 2093 Sed
518 2073 635 2091 omnes
660 2058 738 2090 Mss.
763 2066 800 2089 ut
823 2057 858 2089 in
883 2066 983 2090 textu.
1008 2056 1046 2088 R.

305 2120 339 2161 7)
365 2119 466 2150 Rom.
489 2116 532 2154 X,
557 2114 609 2149 19.
635 2115 710 2147 coll.
736 2114 838 2145 Deut.
861 2112 1009 2151 XXXII,
1033 2113 1084 2146 21.

303 2176 340 2219 S)
365 2175 470 2206 De··st
493 2171 527 2204 in
554 2170 648 2203 editis
673 2171 720 2214 (e.
748 2184 774 2202 c.
800 2170 877 2202 edd.
901 2169 989 2212 M):
1017 2172 1100 2209 „et.“
1125 2169 1163 2200 R.

304 2232 340 2275 9)
366 2231 453 2263 Ε(1(1.
477 2227 633 2261 Merlini:
660 2236 716 2259 aut
741 2235 771 2258 et
795 2225 820 2258 si
846 2226 1002 2269 appellet.

282 2288 339 2331 ιο)
362 2286 455 2320 Editi
478 2285 526 2327 (v.
551 2297 577 2318 c.
601 2284 676 2317 edd.
704 2282 790 2326 M.):
814 2281 1064 2326 „insipientes.“
1087 2279 1187 2312 Male.
1212 2278 1248 2312 R.
