1377 2454
332 80 682 115 COMMENTAmoRUM
704 81 778 114 Lm.
802 81 894 115 VIII.
1106 83 1176 118 239

47 172 183 219 ipsos')
209 171 370 216 quotidie,
401 180 431 203 et
451 170 675 215 inquirentes,
701 172 879 214 quomodo
906 172 1063 213 dogmata
1088 174 1174 206 veri-

45 235 116 269 tatis
139 233 339 274 infringant,
374 242 404 265 et
436 233 537 265 fidem
564 231 704 272 Christi,
740 242 903 276 quantum
928 233 1007 278 ipsis
1034 235 1174 275 videtur,

44 296 246 340 impugnent.
309 294 480 327 Ponamus
509 307 586 335 ergo
619 295 766 338 aliquem
800 306 897 325 orare
921 308 985 339 pro
1013 295 1077 336 liis,
1114 296 1172 340 qui

41 357 250 402 perspicaces
280 365 310 388 et
341 357 567 397 argumentosi
598 365 675 388 sunt
704 355 738 387 in
764 356 844 389 falsa
869 355 1024 394 scientia,
1060 366 1090 389 et
1122 358 1173 390 di-

45 431 140 451 cere:
167 419 221 450 det
245 418 308 450 illis
332 418 426 451 Deus
450 416 655 461 ‚,0culos,²)
691 426 727 449 ut
751 431 820 450 non
846 417 1001 449 videant“
1024 419 1172 461 perversi

40 492 154 513 sensus
179 479 346 518 acumina,
372 489 402 512 et
425 492 552 519 „aures,
577 487 613 511 ut
635 491 705 510 non
733 479 893 511 audiant⁴‘
918 479 1086 512 mendacii
1109 481 1173 513 sci—

40 541 116 573 licet
131 541 315 582 magistros,
331 550 361 572 et
373 542 618 579 „obscurentur
629 540 664 583 ³)
683 540 773 572 oculi
788 554 918 579 eorum,
942 553 985 573 ne
999 540 1172 574 videant:“

39 615 109 634 non
135 602 194 635 tibi
220 602 352 634 videtur
376 602 629 646 amplectendus
655 602 698 640 is,
732 601 788 645 qui
814 602 894 634 hacc
922 612 1015 646 optat
1039 603 1087 641 iis,
1110 616 1172 647 per

40 677 126 708 quae
150 677 268 695 eorum
300 674 435 708 peccata
466 661 687 695 minuantur?
728 662 840 695 Multo
866 663 955 696 enim
981 664 1101 696 melius
1126 674 1171 698 est

38 739 109 758 non
134 738 260 769 sapere,
285 738 387 769 quam
412 725 500 757 male
524 737 650 768 sapere.
697 724 787 762 Non,
811 724 969 768 inquam,
992 726 1053 758 tibi
1078 727 1170 759 vide-

38 795 102 826 tur,
127 788 218 831 quod
245 786 422 824 Marcion,
448 786 505 830 qui
530 787 706 819 adversum
731 796 918 819 creatorem
943 787 1057 820 Deum
1083 788 1172 821 blas-

37 848 160 892 phema
184 847 305 892 scripta
339 847 550 892 composuit,
580 849 632 880 vel
664 848 843 887 Basilides,
878 849 929 880 vel
960 849 1170 889 Valentinus,

37 910 90 941 vel
114 909 214 942 ceteri
240 908 440 953 auctore5⁴)
465 923 649 954 pravorum
677 911 885 950 dogmatum,
910 911 999 943 beati
1023 912 1172 953 fuissent,

37 970 112 1014 si⁵)
138 984 209 1002 non
233 971 318 1009 illos,
344 970 465 1014 quibus
491 971 578 1003 male
601 981 805 1016 sapuerunt,
829 973 941 1005 cordis
966 974 1083 1005 oculos
1111 974 1170 1006 lia-

38 1031 210 1065 buissent?
256 1032 309 1063 De
332 1033 382 1064 his
409 1032 496 1064 enim
512 1032 547 1074 ⁶)
583 1032 693 1065 Esaias
719 1033 818 1065 dicit:
841 1033 970 1076 „vae⁷)
995 1034 1171 1067 scribenti-

38 1093 117 1126 bus!
154 1094 346 1125 scribentes
372 1092 460 1125 enim
486 1093 671 1136 nequitiam
695 1094 878 1126 scribunt.“
926 1094 1087 1127 Similiter
1111 1109 1172 1129 au-

38 1164 105 1187 tem
131 1165 161 1187 et
184 1168 248 1199 pro
275 1155 334 1194 his,
359 1154 417 1198 qui
442 1155 529 1186 male
555 1156 688 1192 docent,
711 1164 743 1186 et
761 1157 849 1187 male
874 1156 1072 1200 loquuntur,
1098 1169 1172 1192 orat

37 1217 150 1249 David
174 1217 207 1249 in
233 1216 382 1254 Psalmis,
409 1225 440 1248 et
465 1216 560 1248 dicit:
586 1225 698 1255 „muta
713 1215 748 1260 8)
775 1217 964 1250 efficiantur
990 1219 1080 1252 labia
1105 1220 1169 1253 ini-

39 1291 122 1322 qua,
155 1291 240 1321 quae
264 1279 451 1322 loquuntur
481 1279 636 1310 adversus
671 1277 793 1321 justum
819 1280 926 1311 scelus
951 1279 984 1311 in
1009 1282 1168 1325 superbia

37 1348 69 1371 ct
95 1343 298 1372 contemtu.“
354 1338 409 1371 Sic
423 1339 458 1383 ⁹)
493 1351 570 1379 ergo
605 1348 635 1371 et
666 1340 707 1371 de
732 1339 832 1372 Israel
859 1340 997 1373 dicitur:
1021 1344 1167 1382 „obscu-

36 1400 222 1444 rentur¹⁰)
249 1399 340 1433 oculi
365 1413 495 1440 eorum,
519 1413 561 1432 ne
585 1400 759 1433 videant:“
784 1409 831 1433 et:
859 1402 914 1434 det
938 1402 976 1436 iis
993 1402 1050 1449 ¹¹)
1074 1405 1168 1439 Deus

131 1544 164 1589 ¹)
190 1543 282 1578 Editi
307 1545 353 1589 (e.
379 1558 405 1577 c.
432 1546 507 1577 edd.
532 1544 616 1589 M.):
649 1555 773 1585 „semet
797 1547 905 1591 ipsos,
937 1551 1089 1593 quotidie
1115 1552 1168 1585 in-

36 1592 235 1635 quirentes,“
261 1591 384 1623 omisso
409 1595 493 1629 „et.“
519 1590 556 1621 R.

126 1648 162 1691 ²)
189 1647 258 1680 Cfr.
284 1647 383 1678 Rom.
408 1646 468 1684 Xl,
496 1647 526 1679 8.
553 1648 628 1679 coll.
651 1647 749 1680 Jesai.
775 1648 831 1687 VI,
855 1651 908 1682 10.
989 1677 991 1679 ,

125 1704 162 1747 ³)
189 1702 257 1736 Cfr.
274 1702 372 1734 Rom.
387 1702 447 1741 XI,
464 1703 512 1736 10.
529 1704 604 1735 coll.
619 1703 741 1736 Psalm.
755 1704 883 1743 -LXIX,
896 1707 948 1739 22.
974 1706 1166 1753 (LXVIII.)

125 1760 162 1804 ⁴)
188 1759 278 1792 Editi
302 1759 349 1802 (V.
376 1772 406 1791 c.
429 1760 504 1791 edd.
531 1759 612 1802 M.):
638 1761 848 1798 ‚‚d0‹:t0res.“
873 1761 910 1793 R.

127 1816 162 1860 5)
190 1815 278 1848 [fidili
310 1816 358 1859 (v,
384 1828 410 1846 c,
437 1816 513 1848 edd,
543 1814 630 1860 M.),
662 1824 693 1847 et
718 1814 794 1848 Mss.
820 1817 976 1859 quidam:
1008 1820 1053 1858 „si
1085 1822 1163 1853 nul—

33 1863 101 1900 los,
137 1862 258 1905 quibus
291 1861 377 1892 male
409 1860 480 1903 (ed.
516 1860 561 1892 Μ.
596 1861 625 1892 l:
657 1859 790 1905 quibus
815 1861 934 1902 malis,
966 1866 1017 1896 ed.
1043 1866 1089 1897 M.
1115 1867 1162 1898 Il:

34 1905 165 1950 quibus
192 1907 229 1937 in
250 1904 378 1948 malis)
402 1905 568 1949 sapientes
594 1915 697 1944 erant,
725 1907 857 1939 cordis“
882 1917 942 1940 etc.
985 1910 1054 1942 Sed
1079 1911 1162 1944 Msc.

33 1951 114 1992 Reg.
140 1964 232 1986 num.
260 1951 355 1984 1639.
379 1950 501 1983 rectius
525 1959 561 1982 ut
584 1951 619 1983 in
644 1957 768 1983 nostro'
786 1960 886 1985 textu.
910 1953 950 1986 R.

127 2007 161 2049 ⁶)
188 2006 289 2038 Deest
310 2007 345 2039 in
371 2005 466 2039 editis
492 2008 537 2047 (V.
562 2019 587 2039 c.
613 2007 688 2039 edd.
715 2006 798 2050 M.):
823 2008 968 2050 ‚,enim.“
993 2010 1032 2042 R.
1074 2010 1162 2044 Edd.

33 2051 82 2084 M.
107 2064 171 2096 pro
198 2051 330 2089 ‚‚enim“
355 2051 528 2083 exhibent:
551 2056 634 2091 „et.“

126 2105 163 2148 ⁷)
187 2105 286 2138 Jesai.
310 2107 354 2146 X,
378 2108 408 2140 1.
500 2105 537 2149 ⁸)
564 2107 686 2140 Psalm.
710 2108 841 2147 XXXI,
865 2109 917 2143 18.
942 2109 1095 2154 (XXX.)

127 2160 163 2203 ⁹)
190 2161 278 2193 Edd.
303 2161 456 2194 Merlini:
481 2162 572 2203 Ergo
599 2172 629 2195 et
654 2165 695 2196 de
719 2164 768 2197 his
793 2164 892 2197 Israel
920 2165 1054 2198 dicitur.

108 2217 162 2259 ¹⁰)
188 2217 308 2250 Psalm.
336 2217 457 2256 LXIX,
480 2219 532 2252 23.
557 2219 748 2264 (LXVIII.)
775 2221 850 2253 coll.
876 2220 976 2254 Rom.
1001 2222 1061 2262 XI,
1087 2224 1137 2257 10.

106 2271 114 2289 ¹
130 2271 162 2316 ¹)
185 2272 273 2307 Edd.
289 2273 441 2307 Merlini:
457 2274 531 2307 illis.
547 2294 586 2301 —
602 2274 703 2310 Rom.
717 2275 777 2317 XI,
792 2276 823 2311 8.
838 2278 914 2312 coll.
928 2278 1027 2312 Jesai.
1042 2279 1098 2321 VI,
1108 2281 1159 2316 10.
