1320 2444
332 67 685 102 CommanrAmonnM
708 66 780 100 Lm.
804 66 847 102 X.
1088 68 1155 104 417

25 159 156 194 sanctis.
201 157 382 201 Placuit¹)
408 157 497 190 enim
521 156 747 190 Macedoniae
770 166 802 190 et
825 156 977 203 Achaiae
1001 157 1155 192 collatio-

21 234 98 254 nem
125 220 273 264 aliquam
297 220 407 252 facere
438 219 472 251 in
498 231 664 263 pauperes
688 228 901 259 sanctorum,
936 219 994 263 qui
1016 228 1095 253 sunt
1117 218 1154 252 in

20 281 218 315 Jerusalem.
255 279 520 325 Complacu1t2)
544 279 645 319 enim,
671 289 702 313 et
720 280 891 314 debitores
914 290 991 314 sunt
1014 294 1154 314 eorum:

21 343 183 388 quoniam
208 341 235 375 si
246 341 470 386 spiritualium
487 353 605 374 eorum
621 342 803 387 participes
826 343 936 375 factae
958 351 1036 376 sunt
1060 341 1155 376 Gen-

19 413 77 444 tes,
102 405 227 437 debent
251 413 283 437 et
306 402 341 435 in
366 401 557 435 carnalibus
580 401 769 436 ministrare
791 402 840 436 iis.
878 402 955 436 Hoc
969 415 1048 444 ergo
1074 417 1154 437 cum

19 477 311 503 consummavero,
335 473 366 496 et
390 463 598 505 assignavero
629 463 669 496 iis
699 465 847 497 fructum
872 465 982 505 hunc,
1010 464 1153 510 profici-

20 540 96 561 sear
121 539 183 571 per
206 539 264 559 vos
288 525 322 558 in
348 525 559 569 Hispaniam.
596 524 677 557 Scio
703 524 805 565 enim,
825 527 990 570 quoniam
1014 526 1152 560 veniens

19 589 62 621 ad
103 601 180 627 vos,
215 587 251 620 in
287 586 494 619 abundantia
534 585 782 620 benedictionis
821 586 945 621 Christi
985 587 1150 621 veniam.“

20 649 194 693 Quoniam
230 647 396 693 placuerit
426 646 651 680 Macedoniae
687 656 719 680 et
748 648 899 694 Achaiae
930 650 1151 683 collationem

19 711 167 755 aliquam
192 712 302 743 facere
325 709 360 742 in
385 722 551 754 pauperes
573 718 788 749 sanctorum,
813 710 870 754 qui
893 719 971 743 sunt
991 711 1026 744 in
1051 711 1153 744 Jeru-

16 773 140 811 salem,
171 784 349 817 possumus
382 779 414 803 et
444 771 486 803 de
516 770 665 803 secunda
698 770 840 815 epistola
876 773 920 805 ad
953 771 1152 806 Corinthios

17 833 150 878 plenius
176 832 361 876 discere,³)
387 831 472 876 in‘)
497 845 563 876 qua
586 832 653 864 hoc
677 833 784 864 modo
808 832 940 866 scribit:
963 833 1154 878 ‚,n0tam⁵)

18 904 132 928 autem
156 894 246 927 facio
260 894 297 938 ⁶)
326 894 440 934 vobis,
463 895 599 932 fratres,
622 893 763 934 gratiam
788 894 873 933 Dei,
896 907 983 939 quae
1006 896 1083 929 data
1107 905 1155 929 est

18 956 103 988 mihi
130 955 164 988 iu
190 955 336 988 ecclesiis
360 954 607 994 Macedoniae,
642 955 720 999 quia
753 954 788 987 in
813 956 918 988 multa
946 957 1168 1001 probatione*

17 1016 245 1050 tribulationis
259 1017 466 1050 abundantia
481 1015 594 1057 gaudii
612 1029 742 1055 eorum,
755 1016 790 1060 ⁷)
814 1026 845 1049 et
868 1019 1044 1061 profunda
1067 1032 1153 1063 pau-

16 1087 128 1123 pertas
152 1090 271 1110 corum
305 1076 491 1110 abundavit
521 1077 563 1109 ad
600 1076 729 1111 divitias
760 1078 983 1122 simplicitatis
1014 1092 1154 1112 eorum:

19 1139 184 1184 quoniam
216 1139 404 1172 secundum
436 1138 611 1177 virtutem,
649 1157 692 1164 —
722 1138 952 1172 testimonium
986 1140 1153 1185 perhibeo

16 1200 55 1233 iis
79 1220 131 1240 —,
157 1200 235 1244 et8)
259 1214 362 1245 supra
386 1200 541 1233 virtutem
565 1212 624 1233 sua
647 1209 780 1245 sponte,
803 1200 965 1244 multis9)
995 1202 1154 1247 precibus

114 1290 149 1334 ¹)
173 1290 266 1323 Editi
291 1293 340 1342 (y.
364 1303 391 1322 c.
417 1290 493 1323 edd.
520 1287 605 1333 Μ..)
637 1288 896 1330 „Probaverunt
921 1289 1012 1324 enim
1035 1290 1153 1325 Mace-

19 1334 125 1369 donia
151 1345 182 1368 et
207 1336 353 1368 Aeha1a“
379 1344 439 1368 etc.
463 1335 507 1368 R.

110 1390 147 1435 2)
172 1390 302 1424 Verba:
327 1389 568 1434 „Complacuit
590 1389 692 1428 enim,
717 1390 962 1424 ——ministrare
984 1392 1033 1426 iis.
1074 1393 1153 1426 Hoc

17 1449 96 1478 ergo
122 1449 199 1469 curn
225 1448 518 1474 consummavero,
541 1453 603 1474 —,
631 1434 828 1479 proficiscar
849 1449 912 1480 per
941 1450 1000 1471 vos
1031 1437 1067 1470 in
1092 1438 1154 1472 Hi-

15 1480 180 1526 spaniam.
212 1480 293 1514 Scio
319 1481 420 1519 enim,
442 1499 498 1519 —,
521 1479 556 1512 in
581 1479 791 1513 abundantia
816 1499 858 1505 -—-
876 1480 1019 1515 veniam.
1052 1482 1153 1526 Quo-

16 1526 109 1558 niam
145 1525 312 1570 placuerit
344 1524 573 1558 Macedoniae
604 1544 646 1550 —
677 1524 713 1557 in
747 1538 913 1569 pauperes
944 1536 1154 1566 sanctorum,

17 1570 76 1614 qui
99 1579 176 1604 sunt
198 1570 234 1603 in
259 1570 478 1609 Jerusalem,“
503 1570 738 1603 desiderantur
760 1570 796 1602 in
821 1570 918 1605 editis
948 1571 997 1615 (v.
1023 1585 1050 1605 c.
1076 1574 1153 1606 edd.

18 1614 98 1659 M),
122 1615 181 1648 sed
208 1615 428 1648 restituuntur
452 1628 489 1647 ex
513 1615 594 1648 Mss.
618 1614 660 1648 R.

109 1670 146 1716 ³)
172 1670 260 1703 Edd.
284 1669 441 1702 Merlini:
467 1670 588 1703 dicere.

111 1725 148 1770 4)
174 1726 230 1759 Sic
264 1739 383 1759 omnes
411 1726 491 1759 Blss.
522 1735 553 1758 ct
585 1726 754 1760 Rabanus.
801 1727 917 1760 Editio
950 1737 1062 1762 autem
1086 1731 1154 1765 Ve-

18 1781 115 1804 neta:
140 1770 195 1810 „in
221 1784 287 1815 qua
311 1771 394 1804 haec
428 1771 477 1803 ibi
507 1771 654 1804 scribit.“
703 1771 814 1805 Ceteri
846 1772 926 1806 editi
948 1772 996 1817 (e.
1022 1788 1050 1808 c.
1076 1776 1152 1808 edd.

18 1816 105 1861 M.):
130 1816 185 1856 „in
210 1829 276 1860 qua
300 1816 384 1849 haec
406 1815 551 1849 scribit.“
574 1815 614 1848 R.

113 1872 149 1916 ⁵)
173 1872 204 1904 II
229 1871 311 1906 Cor.
336 1871 428 1911 VIII,
452 1871 566 1905 1-4.

110 1927 146 1972 ⁶)
172 1927 260 1961 Edd.
288 1927 444 1961 Merlini:
468 1927 564 1961 vobis
587 1928 688 1962 facio.

112 1983 149 2028 ⁷)
173 1983 262 2017 Edd.
288 1983 446 2016 Merlini:
471 1996 591 2017 eorum
615 1984 689 2023 suit,
713 1993 745 2017 et
769 1986 943 2029 profunda
969 1995 1030 2020 etc.

111 2037 150 2082 Β)
174 2038 223 2072 Ita
246 2038 324 2072 Mss.
354 2039 525 2083 plerique,
562 2038 741 2079 Rabanus,
777 2049 809 2072 et
841 2040 921 2074 editi
950 2043 998 2085 (e.
1024 2055 1050 2075 c.
1077 2043 1153 2076 edd.

21 2083 90 2124 M.,
117 2096 202 2127 quae
233 2093 346 2116 tamen
380 2083 522 2115 habent:
556 2094 688 2128 sponte
720 2084 817 2129 sua).
845 2085 929 2118 Msc.
961 2099 1040 2119 vero
1074 2086 1154 2129 Reg.

21 2142 115 2162 num.
141 2127 238 2163 1639.
270 2138 324 2168 „et
350 2141 453 2172 supra
486 2127 642 2162 virtutem
671 2143 768 2163 suam
798 2130 976 2175 spontanei
1007 2132 1155 2173 suerunt,

21 2174 138 2206 multis
153 2173 342 2250 lprecibus⁴⁶
367 2182 441 2213 etc„
465 2174 559 2217 quod
582 2175 704 2209 rectius
729 2175 876 2209 videtur:
901 2176 960 2208 sed
984 2176 1069 2210 nihil
1091 2177 1156 2210 im«

21 2227 129 2251 muto.
186 2245 193 2251 .

115 2274 152 2317 ⁹)
176 2273 240 2307 Ed.
263 2273 312 2306 M.
337 2273 387 2306 II:
413 2274 521 2307 multi.

1 2332 205 2388 ΓΟιικᾱιηῑις)
230 2334 366 2369 OPERA.
392 2335 488 2370 Tom.
513 2335 586 2370 VII.
898 2336 942 2388 27
