1377 2454
289 101 648 135 COMMENTARIORUM
673 99 744 134 Lm.
771 100 861 132 VIII.
1080 99 1147 135 195

12 193 85 227 buit
115 192 189 231 illa,
215 192 313 235 'quae
345 190 427 223 dixit
459 190 545 223 intra
585 203 635 222 sc:
671 189 768 234 „si¹)
802 188 942 231 tetigero
974 189 1145 223 fimbriam

10 252 194 289 vestimenti
219 251 310 297 ejus,
336 252 425 285 salva
450 256 540 284 er0.“
592 250 628 284 SI
655 250 729 295 quis
754 264 833 293 ergo
859 264 930 283 non
955 251 998 284 ita
1024 251 1145 284 habeat

10 315 121 354 fidem,
144 323 182 346 ut
206 327 244 346 ex
269 313 398 347 actibus
422 313 488 346 suis
513 312 622 352 bonis,
648 312 701 345 cui
727 311 850 352 credit,
876 314 1040 352 ostendat,
1064 322 1142 357 pot-

9 385 55 410 est
79 385 112 409 et
135 377 177 408 ad
202 375 312 420 ipsum
340 375 416 415 dici,
442 375 519 419 quia
544 374 647 407 fidem
672 374 739 407 Dei
764 375 884 414 habet,
909 375 968 407 sed
994 388 1066 407 nou
1090 389 1141 407 sc-

7 439 158 471 cundum
194 437 377 470 scientiam.
423 436 541 469 Potest
567 445 599 468 et
624 437 666 468 de
691 436 758 469 alio
784 436 867 476 dici,
901 435 978 480 quia
1011 435 1144 468 castim-

6 499 121 543 tem²)
147 499 213 531 Dei
238 500 356 538 habet,
393 499 452 531 sed
483 511 556 530 non
587 498 774 531 secundum
808 497 991 531 scientiam.
1046 497 1142 541 Et³)

5 561 87 594 alius
113 574 227 593 curam
253 573 441 604 pauperum
469 560 587 599 habet,
620 560 678 592 sed
712 573 784 592 non
818 561 1006 592 secundum
1031 558 1139 592 scien—

5 623 100 656 tiam:
127 621 253 666 quippe
279 621 304 654 si
329 623 370 653 ab
398 621 592 654 hominihus
619 621 750 653 laudari
775 622 855 654 vult.
892 621 937 653 Et
957 620 1042 653 alius
1063 621 1139 653 abs-

5 684 112 717 tinens
153 683 312 728 potest⁴)
352 682 435 724 dici,
479 685 538 716 sed
571 696 645 716 non
671 683 860 715 secundum
884 681 1076 721 scientiam,
1111 681 1137 714 si

3 755 182 791 propterca
214 743 357 789 jejunat,
398 754 437 776 ut
474 744 670 777 hominibus
703 744 880 789 pareat.⁵)
926 745 970 777 Et
1004 743 1049 776 sic
1078 757 1141 788 per

2 807 131 849 singula
156 819 389 851 quaecuuque,
415 818 500 849 quae
519 806 674 848 gerimus,
697 805 809 849 nisifl)
828 806 1015 838 secundum
1030 804 1138 838 scien-

2 868 82 902 tiam
107 878 140 901 et
163 867 372 900 intellectum
397 880 560 909 geramus,
585 877 697 912 potest
720 869 763 901 ad
788 881 851 900 nos
872 866 947 907 dici,
975 866 1053 911 quia
1079 868 1137 899 ha-

1 931 120 963 bemus
151 930 261 962 zelum
293 928 404 974 operis
420 928 454 972 ⁷)
487 929 588 969 boni,
620 930 678 962 sed
708 942 780 962 non
811 929 998 962 secundum
1030 928 1138 961 scien-

2 992 92 1024 tiam.
139 992 185 1024 Et
217 991 295 1023 ideo
331 992 442 1023 danda
474 1000 522 1023 est
551 990 732 1035 praecipue
758 1003 859 1035 opera
885 990 1062 1030 scientiae,
1096 1004 1138 1023 ne

3 1067 54 1086 res
79 1052 178 1086 nobis
202 1051 381 1084 infeliciter
405 1051 550 1091 accidat,
585 1061 623 1084 ut
652 1052 687 1084 in
720 1053 787 1085 fide
811 1051 913 1096 positi
936 1053 1139 1085 frustremur

3 1129 21 1148 a
47 1115 124 1153 fide,
150 1113 229 1155 εἰς’)
255 1113 363 1145 zelum
390 1113 551 1145 habentes
576 1114 749 1145 bonorum
766 1112 960 1146 decidamus
985 1127 1003 1146 a
1028 1113 1137 1146 bonis.

3 1176 62 1209 Vis
86 1185 196 1208 autem
223 1175 316 1214 scire,
343 1174 419 1219 quia
433 1174 467 1218 9)
492 1183 604 1218 potest
629 1173 713 1219 quis,
738 1173 765 1206 si
787 1174 960 1207 scientiam
984 1188 1055 1207 nou
1077 1176 1136 1208 ha-

3 1239 96 1277 beat,
121 1250 316 1269 evanescere
340 1236 375 1268 in
408 1235 498 1269 fide?
555 1236 647 1268 Audi
677 1236 786 1280 ipsum
818 1236 963 1268 Paulum
996 1237 1136 1281 quibus—

2 1301 81 1332 dam
107 1299 290 1331 dicentem:
316 1297 463 1341 „nisi¹⁰)
495 1296 566 1330 sine
602 1311 700 1330 causa
733 1297 951 1330 credidistis.“
1006 1298 1137 1331 Accidit

2 1374 80 1402 ergo
106 1360 176 1393 sine
202 1372 298 1392 causa
325 1358 505 1392 credidisse
529 1358 595 1398 his,
627 1358 685 1403 qui
717 1359 874 1391 scientiae
900 1372 1038 1403 operam
1064 1374 1134 1393 non

1 1425 100 1462 dant,
126 1431 162 1454 ut
186 1421 220 1454 in
246 1434 305 1460 eo,
341 1421 435 1467 quod
452 1420 507 1464 ¹¹)
533 1420 768 1461 crediderunt,
800 1421 900 1454 etiam
925 1421 1134 1455 intellectum

95 1566 129 1610 ¹)
152 1566 274 1599 matth.
299 1564 359 1604 lx,
382 1565 436 1598 21.

92 1622 128 1666 ²)
154 1620 246 1654 Editi
279 1623 326 1664 (v.
362 1633 388 1652 c.
426 1621 502 1654 edd.
535 1620 621 1665 M.):
657 1622 850 1673 venitatem
890 1622 957 1655 Dei
1000 1623 1134 1656 habet.“

0 1668 101 1701 Male.
127 1667 211 1699 Msc.
237 1667 317 1708 Reg.
337 1679 429 1697 num.
455 1666 552 1700 1639.
570 1667 777 1706 „castitatem
792 1668 929 1712 quidem
947 1668 1058 1700 habet
1062 1669 1133 1701 “R

91 1722 127 1762 ³)
152 1721 399 1754 Desidfflamur
424 1722 544 1754 verba.
574 1723 640 1761 „Et
675 1722 762 1775 alius
795 1736 909 1755 curam
942 1736 1133 1767 pauperum

2 1769 109 1807 habet,
135 1768 192 1799 sed
218 1781 288 1799 non
312 1768 500 1799 secundum
524 1766 708 1807 seleutiam,
712 1774 730 1787 “
753 1768 787 1800 in
810 1768 1016 1801 editionibus
1040 1769 1132 1801 Mer-

3 1813 59 1846 lini
83 1813 125 1857 (I.
151 1822 183 1845 et
207 1812 266 1857 ΙΙ.)
291 1821 323 1844 et
348 1812 636 1845 Genebraxdi.P1.

91 1868 127 1912 ⁴²)
151 1869 239 1901 Edd.
264 1867 421 1900 Merlini:
447 1868 513 1901 dici
537 1877 657 1912 potest.

90 1923 127 1967 ⁵)
151 1923 237 1955 Edd.
262 1922 418 1957 Merlini:
441 1924 624 1968 ‚,placeat.“
671 1924 739 1957 Csr.
763 1924 883 1957 Matth.
908 1925 966 1965 VI,
991 1926 1042 1959 16.

92 1978 245 2022 6)]Ξ(1ἰίἰ
278 1978 326 2024 (v,
351 1993 376 2012 c.
402 1980 478 2012 edd.
502 1980 588 2024 Μ..)
618 1980 701 2021 „nisi
731 1980 905 2014 scientiam
937 1990 969 2014 et
999 1981 1132 2015 intelle-

9 2033 91 2057 :tum
117 2029 290 2065 geramus}

92 2078 128 2123 ⁷)
153 2078 241 2113 Edd.
265 2079 419 2112 Merlini:
444 2080 529 2113 boni
555 2079 674 2125 operis.

91 2134 128 2179 Β)
153 2134 258 2166 Deest
281 2140 355 2175 „et“
379 2136 415 2168 in
440 2137 516 2171 edd.
539 2137 591 2170 M.

91 2189 127 2234 ⁹)
153 2190 245 2223 Editi
271 2191 316 2235 (v.
342 2206 367 2226 c.
393 2193 468 2226 edd.
494 2192 578 2237 Md)
610 2192 710 2238 „quia
741 2202 853 2237 potest
878 2192 935 2237 qui
959 2191 1131 2226 scientiam

14 2247 70 2267 1011
94 2236 216 2267 habet“
242 2245 302 2268 etc.
328 2238 369 2269 R.

73 2291 129 2335 ¹⁰)
154 2292 169 2324 1
195 2291 274 2326 Cor
300 2292 376 2332 XV,
400 2293 430 2326 2.
530 2291 586 2335 ¹¹)
611 2292 676 2326 Ed.
701 2292 808 2326 Ruaei
833 2293 921 2325 sola:
949 2308 1027 2339 quo,

861 2354 935 2388 13*
