1320 2444
283 66 634 100 COMMENTARIORUM
660 64 732 97 Lm.
758 64 817 97 IX.
1050 64 1118 99 317

0 170 125 196 nostrae
146 157 335 204 jungendae
356 166 442 191 sunt.
489 154 657 200 Neque¹)
690 155 797 193 enim,
826 154 853 187 si
882 154 1012 188 videam
1039 166 1119 196 gau-

0 223 74 256 dere
96 220 240 264 aliquem
270 232 374 264 super
404 228 543 263 quaestu
572 216 756 262 pecuniae,
788 225 845 249 aut
866 216 1119 261 possessionum

0 282 184 321 latitudine,
216 290 273 314 aut
299 281 479 314 saecularis
503 279 644 312 honoris
671 277 866 318 eminentia,
892 279 1122 320 congratulari

0 345 99 377 iebeo
123 343 261 382 talibus,
298 343 355 386 qui
378 342 501 381 sciam,
530 341 623 385 quod
647 339 844 385 hujusmodi
868 340 988 381 gaudia
1011 342 1122 374 luctus

0 413 172 450 icquantur
195 413 226 436 et
245 403 416 436 lacrimae.
462 403 502 435 In
525 410 657 435 tantum
684 401 854 444 etenim2)
879 415 951 434 non
968 411 1015 434 est
1038 414 1123 443 gau-

0 466 140 500 lendum
164 466 206 498 de
230 465 369 504 talibus,
404 474 442 497 ut
471 463 644 497 Dominus
673 462 845 507 discipulis
877 463 943 496 suis
974 475 1017 495 ne
1040 463 1123 496 inde

0 526 127 572 {uidem
159 528 306 568 gaudere
338 526 559 565 concesserit,
598 525 692 568 quod
725 524 904 557 daemonia
933 524 998 558 sibi
1028 525 1123 557 vide-

0 591 73 621 bant
97 601 165 621 esse
188 586 357 633 subjecta,
397 589 456 620 sed
481 588 526 620 ait
549 586 604 620 iis:
642 584 815 628 ‚‚nolite³)
840 587 1005 626 gaudere,
1044 586 1124 630 quia

0 650 171 683 daemonia
206 650 301 683 vobis
324 647 475 694 subjecta
500 657 594 688 sunt;
623 648 681 680 sed
705 648 865 688 gaudete,
889 647 1019 692 inquit,
1044 647 1124 692 quia

0 711 129 744 uomina
162 720 269 744 vestra
300 710 422 754 scripta
453 718 532 743 sunt
560 709 595 741 iu
627 709 716 741 libro
741 708 857 741 vin-205⁴
915 709 959 741 Et
982 722 1046 742 nos
1072 721 1125 742 cr-

0 771 92 817 30‚4)
117 772 143 805 si
168 772 339 805 videamus
351 772 392 804 ab
408 770 522 816 aliquo
541 771 609 803 tale
633 784 719 815 opus
744 770 822 811 geri,
847 771 942 814 quod
965 767 999 802 in
1025 770 1124 802 coelo

0 833 92 868 ;cribi
116 834 254 875 dignum
277 833 338 873 sit,
372 833 441 866 sive
462 830 607 877 justitiae
631 845 735 876 opus,
772 832 840 864 sive
865 832 1027 871 caritatis,
1058 831 1126 864 sive

0 896 94 940 pacis,
117 895 233 940 sive5)
257 894 528 933 misericordiae,
562 903 593 926 et
616 894 660 926 ita
686 903 832 934 gestum,
862 902 900 925 ut
924 892 1009 936 infi)
1035 893 1125 925 libro

0 958 78 990 vitae
101 956 218 989 referri
241 965 427 995 mereatur,
463 957 625 988 debemus
655 956 801 996 gaudere
832 969 909 987 cum
925 954 961 998 ⁷)
992 955 1126 987 talibus.

0 1019 63 1052 Sed
90 1027 119 1051 et
142 1017 169 1050 si
193 1030 292 1062 quem
318 1017 491 1050 videamus
515 1018 558 1049 ab
584 1029 700 1049 errore
726 1029 946 1055 conversum,
970 1014 1047 1058 εἴθ)
1072 1027 1126 1048 re-

0 1079 77 1112 lictis
100 1079 310 1120 ignorantiae
333 1077 480 1111 tenebris
504 1078 547 1110 ad
570 1079 682 1110 lucem
707 1077 852 1111 veritatis
875 1077 1017 1116 venisse,
1046 1086 1077 1109 et
1089 1075 1128 1120 ⁹)

0 1140 224 1174 remissionem
250 1149 487 1184 peccatorum,
522 1148 552 1172 et
585 1138 725 1180 gratiam
756 1139 861 1172 sancti
888 1138 1032 1182 Spiritus
1056 1150 1128 1171 me-

0 1202 105 1240 ruisse,
130 1202 292 1234 debemus
316 1202 463 1242 gaudere
489 1214 564 1233 cum
580 1200 636 1244 ¹⁰)
661 1200 793 1233 talibus.
832 1199 994 1233 Similiter
1013 1209 1128 1233 autem

0 1263 117 1304 ‚‚flere¹
132 1262 165 1306 ¹)
190 1276 267 1295 cum
294 1262 484 1302 flentibus,“
507 1275 579 1294 non
605 1275 681 1294 cum
705 1261 779 1301 illis,
794 1261 850 1305 ¹²)
867 1261 925 1305 qui
938 1262 1020 1293 {lent
1032 1274 1128 1293 mor-

0 1334 69 1358 tuos
92 1338 180 1364 suos,
205 1323 375 1370 jubemur,
398 1333 456 1356 aut
480 1324 632 1367 quissent
658 1324 780 1356 damna
802 1323 995 1362 saecularia,
1020 1323 1129 1355 scien-

0 1395 58 1426 tes,
90 1385 167 1430 quia
198 1384 388 1432 ‚‚l1ujus¹³)
424 1384 548 1417 saeculi
582 1384 714 1417 tristitia
754 1393 899 1417 mortem
937 1386 1130 1429 operatur.“

0 1449 74 1481 Non
91 1447 147 1492 ¹⁴)
170 1444 256 1481 ‘sunt
286 1458 365 1488 ergo
391 1445 553 1479 lacrimae
576 1455 712 1479 nostrae
735 1445 928 1491 jungendae
952 1459 1028 1478 cum
1053 1445 1130 1478 tali-

91 1548 125 1592 ¹)
150 1549 238 1582 Edd.
266 1548 421 1582 Merlini:
444 1547 522 1580 Non
548 1546 648 1587 enim,
671 1546 697 1580 si
724 1556 782 1580 etc.

44 1650 51 1657 ·
89 1604 125 1648 ²)
146 1605 255 1681 ἐπεὶ
284 1604 320 1637 in
350 1602 444 1637 libris
481 1612 578 1636 antea
603 1602 700 1635 editis
723 1603 771 1647 (c.
797 1615 823 1635 c.
849 1603 926 1636 edd.
950 1601 1036 1646 M.):
1060 1610 1130 1642 „et-

0 1654 121 1684 emm.“
179 1677 185 1684 .

90 1706 125 1750 ³)
149 1707 229 1739 Luc.
253 1706 298 1745 X,
320 1707 374 1740 ΞΟ.
470 1703 507 1747 ⁴)
531 1704 618 1737 Edd.
642 1703 800 1736 Merlini:
825 1701 934 1745 igitur.

90 1762 125 1806 ⁵)
151 1763 240 1795 Edd.
264 1760 422 1794 Merlini:
444 1761 496 1792 vel
521 1759 783 1793 misericordiae.

90 1818 128 1862 ὅ)
153 1818 214 1850 Ed.
241 1817 289 1850 M.
313 1817 354 1850 Il.
378 1817 468 1850 sola:
493 1816 528 1848 in
553 1817 678 1849 librum
703 1816 796 1848 vitae.

91 1874 127 1918 ⁷)
152 1873 236 1906 Msc.
262 1873 340 1915 fleg.
365 1887 457 1906 num.
484 1872 581 1906 1639.
605 1873 670 1912 „de
693 1871 846 1905 talibus.“
869 1869 908 1903 R.

91 1930 129 1972 8)
154 1930 258 1962 Deest
280 1933 353 1969 „et“
376 1929 412 1961 iu
438 1930 489 1962 ed.
514 1929 562 1961 Μ.
588 1929 629 1961 ΙΙ.

92 1986 129 2029 ⁹)
154 1986 375 2020 Desideratur
397 1989 471 2024 „et“
496 1985 531 2017 in
556 1985 609 2017 ed.
633 1984 680 2017 M.
705 1985 733 2016 I.

71 2042 130 2084 ¹⁰)
156 2042 238 2075 Msc.
264 2041 343 2082 Reg.
368 2054 461 2074 num.
486 2041 583 2075 1639.
610 2041 673 2083 „de
697 2040 851 2073 talibus.“
877 2038 917 2070 R.

73 2098 131 2141 ¹¹)
157 2097 257 2129 Rom.
281 2096 358 2136 XII,
383 2096 434 2130 15.
532 2096 589 2140 ¹²)
615 2096 684 2129 cfr.
708 2095 831 2128 Matth.
854 2093 945 2132 VIII,
967 2093 1021 2126 22.

72 2152 130 2198 ¹³)
155 2153 187 2184 II
213 2152 293 2185 Cor.
318 2151 391 2191 VH,
417 2151 474 2185 10.

73 2208 129 2252 Η)
155 2209 240 2241 Edd.
265 2207 422 2240 Merliui:
447 2208 525 2240 Non
549 2217 626 2242 sunt
649 2218 728 2250 ergo
755 2206 946 2253 jungendae
978 2205 1135 2240 lacrimae

7 2267 82 2288 cum
104 2254 244 2288 talibus:
268 2253 325 2287 sed
350 2262 409 2286 etc,
