1377 2454
366 69 717 103 COMMENTARIORUM
740 67 812 100 Lm.
837 67 894 100 VI.
1155 70 1197 104 11

67 167 158 201 ¹inus,
184 160 281 193 nullo
307 169 462 202 cogente,
493 158 544 192 vel
567 167 707 203 peccato
732 156 871 198 servire,
896 157 949 190 vel
968 155 1114 203 justitiae
1137 172 1199 203 per

68 221 295 256 obedientiam
319 231 484 255 nostram:
520 230 552 254 et
584 220 661 253 ideo
693 233 827 264 semper
858 220 983 252 horum
1007 219 1199 254 meminisse

67 285 246 324 debemus,
282 298 326 316 ne
348 283 463 316 inanes
489 282 641 327 querelas
664 281 699 314 in
723 280 854 326 peccati
878 280 1092 314 excusatione
1114 295 1197 326 pro-

66 347 230 386 feramus,
257 345 398 390 quod')
429 344 585 377 diabolus
607 343 744 383 feccrit,
789 352 827 376 ut
861 355 1096 387 peccaremus,
1141 353 1199 376 aut

65 417 206 441 naturae
235 406 422 446 necessitas,
453 415 509 438 aut
534 406 641 439 fatalis
675 405 844 444 conditio,
870 413 928 437 aut
951 417 1066 438 cursus
1090 414 1199 438 astro-

66 482 152 502 rum.
211 470 279 503 Sed
317 469 395 502 audi
431 476 582 512 apertam
617 467 716 500 Pauli
740 466 956 505 sententiam,
999 461 1064 510 qua
1099 466 1198 499 dicit:

66 529 143 570 „cui
156 530 192 575 ²)
217 544 275 563 vos
300 530 459 563 exhibetis
483 543 595 563 servos
620 529 711 573 ad3)
737 528 979 568 obediendum,
1003 528 1088 561 servi
1112 527 1199 568 estis,

68 591 121 624 cui
158 592 334 631 obedistis,
370 591 437 625 sive
470 591 619 636 peccati,
652 590 719 624 sive
757 590 933 636 justitiae.“
985 590 1069 623 Post
1099 590 1199 622 haec:

65 653 263 698 „gratias,‘²)
287 653 414 698 inquit,
452 654 546 693 Deo,
572 652 650 697 quia
675 653 781 685 fuistis
806 652 891 685 servi
913 651 1053 696 peccati,
1078 650 1199 684 obedi-

66 714 122 748 stis
146 724 257 747 autem
283 729 321 748 ex
347 716 450 748 corde
473 714 508 748 in
533 728 607 748 eam
632 716 779 748 formam
804 714 996 755 doctrinae,
1030 713 1065 746 in
1096 726 1199 758 quam

65 776 179 809 traditi
212 777 318 810 estis.“
377 777 523 810 Videtur
553 778 635 810 haec
665 778 707 810 ad
746 790 803 809 eos
828 776 958 815 dicere,
982 776 1024 808 de
1049 788 1199 819 quorum

64 837 130 871 vita
158 838 383 883 profectuque
416 838 618 883 praesumit,
655 848 687 871 et
720 839 762 871 de
795 837 918 883 quibus
947 836 1016 883 jam
1045 835 1199 881 superius

66 899 208 932 dixerat:
243 900 433 945 ,‚gratias⁵)
475 914 537 943 ago
574 901 651 933 Deo
683 914 745 945 per
776 901 895 933 Jesum
928 899 1100 933 Christum
1133 911 1198 943 pro

66 961 224 994 omuibus
249 961 353 1001 vobis,
368 961 403 1007 6)
430 962 507 1006 quia
530 963 614 995 fides
638 972 746 995 vestra
770 960 1038 1005 annuntium-⁷)
1063 960 1098 993 in
1122 960 1198 993 uni-

66 1036 160 1055 verso
184 1024 348 1055 mundo.“
403 1024 541 1068 Tumss)
578 1024 702 1057 deinde
735 1033 767 1056 et
798 1023 884 1056 illud
916 1023 1079 1062 ostendit,
1105 1023 1200 1067 quod

68 1097 185 1117 omnes
210 1085 363 1117 homines
394 1085 506 1129 primo
543 1086 688 1118 serviant
718 1095 869 1130 peccato.
918 1085 974 1118 Sic
1002 1084 1091 1116 enim
1116 1083 1198 1117 scri-

66 1155 164 1190 ptum
190 1155 252 1178 est:
280 1145 430 1190 „quia⁹)
460 1160 531 1179 non
565 1156 613 1179 est
643 1146 749 1192 justus
773 1160 875 1191 super
898 1156 1039 1185 terram,
1066 1144 1124 1190 qui
1149 1146 1198 1178 sa-

68 1207 132 1240 ciat
156 1208 305 1247 bonum,
331 1217 363 1240 et
385 1222 456 1240 non
480 1213 628 1252 peccet.“
674 1209 790 1242 Primo
817 1208 906 1241 enim
931 1221 1065 1241 necesse
1093 1216 1141 1240 est
1164 1206 1199 1239 in

68 1268 162 1301 omni
186 1268 325 1301 homine
348 1269 434 1302 illud
458 1269 632 1314 compleri,
659 1271 752 1314 quod
772 1270 934 1314 scriptum
959 1279 1024 1302 est:
1050 1268 1201 1312 „sed¹⁰)

65 1329 126 1362 ubi
149 1329 239 1362 venit
262 1331 470 1370 mandatum,
494 1340 671 1375 peccatum
695 1331 843 1364 revixit.“
888 1333 964 1364 Hoc
989 1344 1080 1371 verO,
1106 1331 1201 1375 quod

66 1390 226 1436 sequitur,
251 1392 293 1423 ad
317 1405 444 1436 paucos
459 1391 591 1432 dicitur,
616 1402 648 1425 et
673 1406 741 1432 eos,
766 1392 824 1437 qui
849 1392 916 1439 jam
932 1393 940 1412 ¹
955 1392 987 1437 1)
1013 1393 1199 1425 emendan-

65 1462 131 1493 tur,
155 1452 280 1485 scilicet
295 1453 348 1496 ¹²)
376 1455 470 1499 quod
495 1453 593 1487 dicit:
632 1454 773 1497 „gratias
789 1454 844 1500 ¹3)
869 1464 982 1487 autem
1006 1455 1095 1494 Deo,
1122 1453 1201 1499 quia

65 1514 172 1548 fuistis
195 1515 281 1548 servi
305 1515 444 1561 peccati,
470 1515 629 1549 obedistis
645 1526 758 1549 autem
784 1530 821 1549 ex
846 1518 949 1550 corde
969 1516 1004 1549 in
1029 1529 1102 1549 eam
1127 1518 1200 1549 sor-

162 1610 196 1655 1)
222 1609 313 1643 Alias
338 1609 385 1655 (v,
412 1625 439 1644 c.
468 1610 503 1643 in
530 1611 605 1644 edd.
627 1611 713 1655 MA)
739 1612 837 1656 „qnia
872 1612 941 1656 (aL,
967 1625 995 1644 ν.
1021 1625 1048 1644 c.
1075 1613 1126 1644 ed.
1150 1611 1200 1644 M.

66 1656 119 1695 ΙῙ.,
159 1655 267 1700 quod,
292 1656 332 1688 al.
359 1658 487 1701 quam)
511 1656 668 1689 diabolus
701 1657 779 1689 fecit
802 1666 840 1689 ut
864 1666 1094 1701 peccatorem,
1142 1666 1200 1689 aut

65 1709 205 1734 naturae
228 1723 282 1740 —-,
309 1711 367 1734 aut
391 1715 507 1735 cursus
531 1711 701 1735 astrorum
725 1703 880 1743 efficiat,“
913 1703 954 1735 al.
981 1703 1133 1743 „saciat.“
1158 1703 1200 1737 R.

158 1756 195 1800 ²)
219 1757 320 1790 Rom.
344 1758 403 1798 VI,
427 1758 480 1793 16.

158 1812 195 1857 3)
220 1814 308 1847 Edd.
333 1814 488 1847 Merlini:
514 1815 557 1847 ad
582 1814 821 1849 obedientiam.

159 1868 195 1913 ⁴)
220 1869 319 1902 Rom.
342 1871 402 1909 VI,
426 1871 477 1904 17.
573 1872 609 1916 ⁵)
633 1872 733 1906 Rom.
761 1873 786 1912 I,
811 1872 842 1906 8.

158 1925 197 1968 ⁶)
222 1927 285 1959 Ed.
310 1927 359 1959 M.
384 1926 409 1960 Ι.
434 1927 540 1960 male:
564 1928 673 1961 nobis.

162 1981 197 2024 ⁷)
222 1982 285 2016 Ed.
309 1983 358 2015 M.
383 1984 432 2015 II:
458 1984 650 2020 nunciatur.

160 2035 197 2081 Θ)
221 2038 309 2071 Edd.
334 2039 490 2072 Merlini:
518 2041 616 2075 Tune
640 2042 764 2075 deinde
790 2052 849 2074 etc.

160 2092 197 2137 9)
221 2093 410 2128 Ecclesiast.
434 2097 509 2136 VII,
533 2098 586 2131 20.
660 2098 717 2143 ¹⁰)
743 2100 842 2131 Rom.
869 2100 942 2138 VH,
967 2098 999 2135 9.

143 2148 198 2193 ¹¹)
224 2151 328 2182 Deest
353 2150 461 2196 ‚‚jam“
486 2152 520 2185 in
547 2154 622 2187 edd.
649 2155 697 2188 M.

142 2205 198 2248 ¹²)
224 2207 357 2239 Desunt
379 2210 498 2242 verba:
524 2211 671 2251 „scilicet
695 2212 789 2256 quod
816 2211 925 2249 dici1‚“
951 2209 983 2242 in
1010 2210 1085 2243 edd.
1110 2209 1158 2243 Μ.

144 2262 199 2307 ¹³)
226 2263 325 2297 Rom.
350 2264 408 2303 VI,
432 2265 483 2299 17.
