1320 2444
172 77 240 114 360
443 76 621 111 Omcnms
644 87 682 111 m
706 77 771 112 Ep.
795 84 844 111 An
872 77 1054 114 ROMANOS

174 181 240 214 per
262 180 364 213 quem
390 167 612 202 reconciliata
637 177 684 202 cst
708 166 750 207 ei,
772 169 960 202 secundum
986 169 1081 214 quod
1105 168 1196 203 idem
1221 171 1315 215 Apo-

175 230 280 264 stolus
304 229 403 264 dicit:
429 228 507 274 quia
542 229 600 270 „in
613 228 649 274 ¹)
679 228 822 263 nomine
844 230 926 264 Jesu
963 242 1066 264 omne
1090 243 1179 273 genu
1202 231 1318 266 flecte-

175 299 233 323 tur
257 291 463 332 coelestium,
486 291 705 332 terrestrium,
729 300 761 324 et
784 291 1031 327 infernorum.“
1060 292 1215 327 Flectere
1237 306 1318 327 sane

175 363 277 393 genu,
300 362 333 386 et
357 367 495 387 omnem
509 354 658 395 linguam
683 352 840 386 confiteri
861 352 952 394 Deo,
977 355 1019 387 de
1042 354 1210 398 Esaiae²)
1233 368 1318 400 pro-

174 414 299 458 phetae
320 415 536 448 sermonibus
560 414 713 448 assumsit
735 415 929 459 Apostolus.
976 414 1084 458 Quod
1107 425 1221 449 tamen
1243 427 1318 449 non

176 484 226 509 est
248 477 427 510 carnaliter
450 475 697 520 accipiendum,
721 484 757 509 ut
775 485 944 520 putemus,
961 477 1106 521 quod3)
1125 477 1222 511 etiam
1239 489 1318 510 coe—

175 537 290 576 lestia,
321 551 408 583 quac
439 538 521 571 dicit
552 550 639 579 genu
671 538 823 576 flectere,
855 538 1048 572 carnalibus
1082 538 1243 572 membris
1265 540 1316 572 fa-

179 611 255 632 cere
270 597 306 643 ⁴)
333 600 416 632 haec
442 601 641 634 credantur:
657 599 694 643 ⁵)
718 598 811 631 verbi
826 612 934 640 causa,
956 608 994 632 ut
1015 609 1153 644 putetur
1179 600 1231 633 vel
1255 600 1317 642 sol,

175 661 230 692 vel
243 660 336 700 luna,
362 661 413 693 vel
437 661 562 701 stellae,
587 662 638 694 vel
662 661 762 694 ctiam
782 661 902 702 angeli,
927 669 958 693 et
982 674 1206 706 quaecunque
1228 670 1316 703 sunt,

177 734 265 766 quae
295 722 451 755 coelestia
483 722 725 762 nominantur,
756 722 995 767 corporalibus
1024 722 1144 756 inflexa
1176 723 1316 764 genibus

176 784 340 823 adorare,
373 792 430 816 aut
454 783 554 817 etiam
579 784 692 826 lingua
721 783 866 823 carnali,
890 793 923 816 et
945 783 1003 816 tali
1030 785 1200 824 membro,
1225 784 1317 829 quali

174 858 239 878 nos
270 845 429 878 homines
458 845 650 889 loquimur,
680 854 843 890 putentur
875 845 1030 879 confiteri
1060 845 1240 889 Deum,⁶)
1273 846 1316 879 de

175 906 299 950 quibus
327 906 460 946 dicitur,
484 906 563 951 quia
587 907 652 940 sint
674 906 808 950 spiritus
835 916 868 939 ct
890 907 985 948 ignis,
1007 907 1195 940 secundum
1220 907 1317 952 quod

173 967 346 1012 propheta
372 967 469 1000 dicit:
493 966 623 1011 ,‚qui7)
647 967 726 1000 facit
750 969 886 1009 angelos
917 982 996 1002 suos
1017 967 1170 1012 spiritus,
1195 977 1226 1001 et
1249 968 1315 1001 mi-

175 1028 299 1062 nistros
324 1042 403 1062 suos
435 1028 548 1069 ignem
574 1033 761 1061 urentem.“
818 1028 862 1062 Et
887 1042 973 1074 quac
997 1041 1106 1070 genua
1128 1030 1163 1062 in
1191 1029 1316 1074 spiriti-

174 1090 240 1123 bus
272 1102 341 1123 esse
375 1089 635 1134 credentur?8)
678 1099 734 1123 aut
768 1103 855 1135 quae
885 1090 999 1132 lingua
1029 1089 1065 1122 in
1097 1090 1181 1132 ignis
1202 1091 1315 1135 specie

175 1150 391 1196 requiretur?
437 1150 506 1184 Sed
539 1163 627 1192 genu
651 1152 807 1192 flectere,
837 1150 988 1197 subjecta
1020 1164 1088 1186 esse
1119 1161 1256 1193 cuncta,
1283 1161 1315 1186 et

175 1212 283 1246 cultui
305 1212 372 1245 Dei
398 1212 540 1245 obedire
571 1212 730 1246 declarat.
774 1213 941 1257 Movet⁹)
972 1226 1028 1247 me
1052 1213 1165 1247 adhuc
1189 1227 1226 1246 ex
1253 1214 1314 1256 his,

175 1287 263 1319 quae
295 1275 337 1307 de
369 1273 511 1319 epistola
545 1276 588 1308 ad
626 1274 825 1308 Corinthios
857 1275 1088 1316 assumsimus,
1124 1275 1185 1308 ubi
1215 1275 1313 1310 dicit:

174 1334 304 1379 ‚,ut¹⁰)
328 1335 469 1380 recipiat
492 1335 724 1381 unusquisque
755 1336 896 1381 propria
933 1336 1088 1381 corporis
1112 1346 1217 1382 prout
1241 1350 1312 1379 ges-

174 1395 225 1436 sit,
248 1396 316 1429 sive
341 1398 451 1436 bona,
482 1396 550 1429 sive
581 1398 711 1430 mala:“
741 1407 875 1438 utrum,
908 1417 949 1423 -—
982 1398 1059 1442 quia
1092 1397 1128 1431 in
1154 1398 1313 1433 omnibus

174 1457 373 1491 hominibus
404 1458 610 1502 necesse¹¹)
642 1467 688 1492 est
720 1459 848 1502 aliquid
879 1459 963 1492 boni
997 1471 1082 1499 esse,
1117 1469 1149 1492 et
1182 1460 1312 1505 aliquid

269 1591 306 1636 ¹)
331 1590 481 1636 Philipp.
504 1591 547 1632 ll,
571 1591 623 1626 10.
716 1591 753 1635 ²)
780 1590 850 1625 Cfr.
874 1592 972 1626 Jesai.
995 1592 1100 1634 XLV,
1122 1593 1175 1628 23.

267 1646 305 1690 ³)
329 1647 434 1680 Deest
457 1648 595 1692 ,‚quod“
619 1647 655 1680 in
681 1648 758 1681 cdd.
781 1647 831 1681 Μ.

267 1702 303 1747 ⁴)
327 1702 416 1737 Edd.
439 1702 594 1736 Merlini:
619 1703 703 1736 haec
725 1705 845 1737 facere.

268 1758 304 1802 ⁵)
329 1759 433 1793 Deest
456 1759 491 1792 in
516 1759 611 1792 libris
633 1768 730 1793 antea
755 1760 850 1793 editis
873 1760 921 1804 (c.
947 1773 974 1793 c.
999 1762 1076 1794 edd.
1102 1761 1188 1807 M.):
1218 1775 1310 1804 „cre-

173 1803 330 1837 dantur.“
353 1804 394 1837 R.

266 1859 304 1903 ⁶)
328 1860 415 1894 Edd.
440 1860 595 1895 Merlini:
619 1859 708 1893 Deo.
804 1860 840 1904 ⁷)
863 1860 986 1895 Psalm.
1012 1861 1100 1904 CIV,
1123 1863 1155 1898 4.
1180 1864 1307 1911 (cm.)

266 1914 305 1959 8)
328 1915 420 1968 Editi
443 1917 491 1962 (v.
516 1930 543 1950 c.
570 1916 645 1950 edd.
670 1915 756 1959 Μ..)
789 1917 1023 1956 ,‚creduntur?
1053 1928 1110 1952 aut
1134 1932 1220 1963 quac
1244 1920 1308 1953 lin-

171 1971 258 2000 guae
281 1960 316 1994 in
340 1961 423 2002 ignis
446 1962 559 2006 specie
582 1960 821 2005 requirentur?
855 1962 922 1995 Sed
949 1975 1037 2003 genu
1060 1965 1205 2004 flectere,
1228 1965 1306 1999 sub-

171 2004 257 2050 jecta
294 2018 362 2039 csse
401 2016 541 2047 cuncta,
576 2015 609 2039 et
639 2007 731 2039 cultu
763 2006 858 2050 (edd.
890 2007 1047 2042 Merlini:
1080 2007 1213 2054 cultui)
1241 2008 1306 2042 Dei

172 2050 314 2083 obedire
338 2051 519 2084 declarat.“
542 2052 583 2084 R.

263 2104 300 2149 9)
324 2106 408 2140 Msc.
431 2106 512 2149 Reg.
536 2120 630 2140 num.
655 2106 752 2141 1639.
776 2107 941 2148 „Movent
964 2111 1041 2141 me“
1066 2118 1129 2143 etc.
1152 2108 1192 2143 R.

245 2160 303 2204 ¹⁰)
326 2160 357 2194 II
383 2161 463 2196 Cor.
488 2163 529 2202 V,
554 2164 606 2198 10.
631 2182 673 2188 -
697 2164 786 2197 Edd.
812 2164 860 2197 Μ.
886 2165 953 2197 hoc
976 2166 1068 2206 loco,
1093 2167 1150 2200 cfr.
1174 2179 1208 2210 p.
1226 2165 1299 2201 354.

169 2215 241 2240 not.
264 2207 317 2241 10.
343 2207 421 2240 coll.
445 2222 478 2252 p.
503 2208 579 2243 355.
603 2217 674 2242 not.
697 2210 740 2249 2.,
764 2218 800 2242 ut
823 2223 885 2243 nos
909 2210 945 2243 in
969 2219 1068 2243 textu.

241 2261 299 2307 ¹¹)
324 2263 402 2300 Mss.
433 2263 607 2309 plerique,
639 2274 670 2299 ct
703 2264 783 2300 editi
807 2264 853 2310 (V.
880 2278 906 2299 c.
931 2266 1007 2299 edd.
1033 2265 1119 2311 M.:)
1150 2276 1300 2307 „neccsse
