1320 2444
287 73 640 108 CommnurAmonuM
663 71 737 106 Lm.
761 71 822 105 IX.
1061 71 1130 107 353

0 165 126 210 gnavit,
153 162 202 198 illi
234 162 371 209 quidem
404 163 536 197 dicens:
567 162 742 207 „quare¹)
779 160 951 207 spernis?“
976 169 1009 195 ct
1031 160 1130 195 huic:

0 239 120 273 „quare
151 224 280 271 judicas
314 226 454 259 fratrem
475 223 616 258 tuum?“
651 224 773 258 Solent
797 223 889 256 enim
912 223 958 264 hi,
983 222 1042 268 qui
1066 221 1129 256 ali-

0 287 195 332 quantulum
218 285 375 319 videmur
398 285 482 330 in2)
505 285 642 319 scientia
665 283 870 330 profecisse,
906 296 1069 328 spernere
1092 292 1126 316 et

0 347 89 382 nihili
112 348 237 381 ducere
262 360 330 387 cos,
353 346 412 392 qui
436 346 562 380 altioris
586 345 825 388 intellIgentiae
848 344 962 379 minus
987 357 1129 390 capaces

0 417 84 443 tunt:
110 421 128 441 c
152 409 325 442 contrario
350 418 462 443 autem
485 407 635 453 imperiti
665 416 697 440 et
720 405 934 449 indociles³)
966 404 1129 451 judicare,

0 471 58 503 hoc
82 478 139 510 est,
160 468 360 514 incusare⁴)
380 479 412 503 ct
435 470 666 503 condemnare
690 482 758 508 eos,
782 468 840 513 qui
863 467 984 501 altiora
999 476 1031 500 et
1044 480 1129 511 pro-

0 530 151 565 fundiora
174 531 396 575 perquirunt,
435 545 537 576 quam
569 530 633 575 ipsi
665 542 787 574 capere
812 538 870 562 aut
893 528 1023 573 assequi
1045 541 1130 573 pos-

0 600 77 626 sunt.
131 590 176 624 Et
206 592 284 625 ideo
317 592 504 637 Apostolus
535 604 683 626 resecare
717 590 903 636 culpam⁵)
941 590 1058 623 volens
1089 602 1129 623 ex

0 662 134 698 utraque
157 662 253 697 parte
275 663 479 695 nascentem,
504 653 568 687 illis
598 652 737 697 quidem
761 651 943 697 praecipit,
967 664 1011 685 ne
1040 651 1129 684 inse-

0 714 97 748 riores
120 724 282 758 spernant
307 723 407 759 atque
432 714 637 759 despiciant:
662 714 712 747 his
736 727 836 753 vero,
866 726 911 746 ne
934 712 1129 757 superiores

0 788 27 809 50
66 774 235 821 judicent,
284 789 362 809 cum
413 776 569 821 peritiam
628 789 700 808 non
739 775 890 808 habeant
940 772 1127 819 judicandi.

0 836 157 881 Quamvis
183 836 311 881 ergo‘3)
334 846 517 882 utrumque
540 836 778 881 reprehendat,
790 844 822 869 et
837 848 926 875 eum,
951 835 1009 880 qui
1033 847 1128 879 sper-

0 897 41 932 nit
63 900 203 932 fratrem
228 897 444 939 inferiorem,
482 907 514 931 ct
535 911 631 938 eum,
664 899 723 942 qui
752 896 881 943 judicat
903 896 1128 941 superiorem,

0 970 107 994 tamen
137 968 176 993 ut
206 960 415 1000 ostenderet,
452 960 548 994 illum
575 960 704 1001 gravius
726 958 762 991 in
786 957 991 1004 judicando,
1024 970 1129 1001 quam

0 1022 88 1056 hunc
124 1022 160 1055 in
192 1021 387 1065 spernendo
425 1022 565 1055 fratrem
598 1033 759 1065 peccare,
793 1019 916 1053 omissa
947 1017 1131 1064 spretionis

0 1086 112 1129 eulpa,
144 1081 434 1128 praesumtionem
466 1081 645 1127 judicantis
659 1080 696 1125 7)
720 1080 848 1120 ,fratris
879 1088 1066 1122 exaggerat,
1099 1087 1132 1112 et

0 1146 71 1179 [deo
96 1145 131 1178 in
157 1144 440 1188 consequentibus
466 1142 590 1189 jungit:

0 1332 67 1362 Βία,
92 1323 216 1356 omisso
240 1322 432 1366 „quidem,“
457 1322 552 1365 quod
578 1322 677 1355 etiam
699 1321 865 1354 omittitur
887 1320 922 1353 in
941 1318 1025 1353 Msc.
1049 1318 1130 1360 Reg.

0 1381 87 1402 num.
113 1368 210 1402 1639.
233 1368 331 1413 (item
356 1368 391 1400 in
417 1368 494 1400 edd.
509 1366 578 1411 M.)
600 1376 632 1400 ct
656 1367 747 1410 apud
774 1366 971 1406 Rabanum3
993 1365 1052 1397 sed
1076 1377 1130 1397 re—

0 1412 142 1447 stituitur
173 1426 209 1445 ex
235 1412 350 1445 ceteris
375 1411 455 1445 Mss.
487 1411 527 1444 R.
559 1431 602 1437 -—
631 1412 721 1445 Edd.
745 1410 901 1445 Merlini:
928 1410 1130 1451 „vernacula

0 1457 223 1504 appellatione
244 1457 395 1498 signavit,
419 1457 468 1490 illi
493 1456 629 1490 dicens“
652 1466 714 1490 etc.

88 1519 124 1563 ι)
147 1519 250 1552 Rom.
272 1518 366 1559 xlv,
391 1519 443 1553 10.

87 1579 125 1624 ²)
148 1579 396 1656 Diziderantur
429 1580 464 1613 in
490 1579 584 1614 editis
607 1578 656 1625 (v.
681 1592 709 1613 c.
735 1579 812 1612 edd.
835 1577 907 1622 M.)
930 1577 1051 1612 verba:
1074 1577 1131 1619 „in

0 1626 166 1662 scientia.“
223 1650 231 1658 .

87 1687 124 1731 ³)
147 1686 237 1719 Edd.
261 1685 417 1719 lWerlini:
445 1685 658 1719 indocibiles.

87 1748 125 1794 ⁴)
149 1747 242 1781 Editi
272 1748 320 1792 (v.
344 1761 372 1780 c.
406 1748 483 1780 edd.
506 1746 593 1790 Μ.;)
628 1747 882 1785 „condemnare
914 1753 947 1778 et
976 1745 1131 1779 incusare

0 1809 64 1835 eos,
89 1794 148 1839 qui
171 1813 213 1819 —
237 1793 449 1838 perquirunt,
475 1805 562 1836 quae
590 1791 663 1836 (ed.
687 1791 735 1824 M.
759 1790 809 1823 Il:
834 1790 964 1837 quam)
986 1789 1051 1835 ipsi
1076 1804 1132 1823 ca·-

0 1853 79 1885 pere
118 1848 175 1872 aut
217 1838 347 1882 assequi
376 1837 472 1882 (edd.
506 1836 661 1869 Merlini:
697 1836 820 1881 sequi)
850 1849 924 1869 non
959 1840 1134 1880 possunt.“

0 1885 55 1918 Sic
81 1885 180 1918 etiam
204 1883 383 1922 Rabanus,
406 1882 469 1915 nisi
495 1883 589 1926 quod
620 1881 763 1914 habeat:
790 1880 968 1920 „incusare
992 1889 1023 1913 et
1047 1894 1133 1913 con—

0 1932 178 1963 temnere.“
225 1929 294 1962 Sed
318 1939 437 1960 omnes
461 1927 542 1960 Mss.
568 1935 607 1959 ut
629 1927 665 1959 in
688 1935 806 1959 nostro
825 1933 926 1965 textu,
949 1925 1014 1959 nisi
1037 1926 1133 1970 quod

0 1975 138 2019 quidam
161 1975 310 2007 habeant
331 1975 530 2012 ‚,accusare“
552 1985 636 2016 pro:
661 1971 868 2012 „incusare.“
891 1970 932 2005 R.

91 2035 127 2079 ⁵)
153 2034 241 2068 Edd.
263 2033 421 2067 Merlini:
443 2034 560 2067 volens
585 2033 732 2078 culpam.

90 2095 128 2140 ⁶)
154 2093 434 2129 Praetermittitur
456 2095 492 2127 in
509 2094 603 2128 editis
619 2093 666 2139 (e.
690 2108 717 2128 c.
733 2093 810 2127 edd.
834 2091 920 2137 M.:)
944 2090 1134 2133 ‚,ergo.“R.

91 2157 126 2201 ⁷)
153 2156 209 2190 Sic
232 2156 317 2188 Msc.
354 2155 434 2195 ch.
457 2169 552 2188 nurn-
577 2155 676 2191 1639.
698 2154 792 2189 Editi
821 2167 902 2187 vero
927 2153 977 2197 (e.
1003 2166 1030 2185 c.
1057 2153 1135 2186 edd.

0 2202 100 2281 ffisse
121 2200 348 2280 ,gudicandif‘
409 2199 521 2234 Ceteri
548 2199 628 2236 Mss.
666 2209 697 2234 et
734 2200 912 2235 Rabanus:
941 2196 1122 2244 „judicatif

2 2306 178 2342 otum-:ms
202 2306 337 2342 OPERA.
364 2307 458 2341 Tom.
483 2307 554 2341 VII.
868 2305 913 2340 23
