1377 2454
351 77 702 111 Commu-nummum
729 74 801 107 Lm.
823 74 881 107 VI.
1139 75 1184 111 15

46 170 111 203 vict
133 168 258 214 pietati.
312 166 368 202 Sic
401 166 491 200 enim
524 178 584 208 ego
617 164 719 198 audio
746 174 778 197 ct
804 164 910 205 illud,
934 165 1029 209 quod
1053 163 1182 198 dictum

46 241 110 265 est:
134 230 331 275 „aperite¹)
361 228 445 261 mihi
478 236 593 273 portas
622 225 781 272 justitiae,
815 235 847 259 et
877 225 1043 268 ingressus
1067 226 1103 259 in
1128 240 1182 259 cas

46 293 237 325 confitebor
270 290 458 324 Domin0.“
509 290 588 322 Non
622 288 712 322 enim
750 287 854 321 solius
886 286 1030 333 justitiae
1065 297 1182 333 portas

45 353 243 396 ingreditur,
268 353 325 398 qui
351 350 506 384 confiteri
530 351 601 383 vult
626 349 791 391 Domino,
816 350 876 382 sed
902 359 934 382 ct
959 349 1123 390 veritatis,
1149 360 1182 383 et

45 415 242 460 sapientiae,
275 424 306 447 et
335 411 481 457 pictatis,
515 421 547 444 et
584 412 776 456 pudicitiae.
833 411 1000 445 Omnium
1031 425 1181 456 namque

44 489 110 509 una
136 487 184 509 est
207 477 283 509 aula
306 474 477 513 virtutum,
502 471 596 519 cujus
620 473 683 506 sihi
701 472 846 519 justitiae
861 472 1049 517 nomin02)
1075 472 1179 518 pandi

44 537 159 582 januas
183 537 332 582 postulat
355 534 469 582 justus.

133 599 162 632 4.
186 599 406 639 „Humanum
419 597 455 641 ³)
502 597 579 630 dico
618 606 761 642 propter
799 596 1031 629 infirmitatem
1070 596 1179 630 carnis

44 670 178 693 vestrae.
237 659 332 693 Sicut
365 659 455 692 enim
494 658 686 692 exhibuistis
723 660 878 691 membra
917 668 1025 691 vestra
1056 658 1180 692 servire

42 721 285 761 immunditiae,
311 730 342 754 et
365 720 533 765 iniquitati
558 722 601 753 ad
625 720 904 765 iniquitatem,‘²)
935 720 980 753 ita
1004 733 1096 753 nunc
1122 733 1178 753 ex·-

41 783 154 816 hibete
177 784 329 816 membra
354 792 459 816 vestra
485 781 608 815 servire
631 781 776 827 justitiae
797 782 831 814 in
845 781 1179 816 sanctificationem.“

40 845 213 878 Pudorem
239 846 408 889 quendam
432 857 494 889 per
517 843 646 888 l1aec⁵)
671 844 791 877 incutit
829 844 1012 888 Apostolus
1038 843 1175 876 audito·

39 906 143 946 ribus,
166 915 204 939 ut
227 907 292 938 hoc
317 907 434 939 saltem
461 905 615 950 obsequii
646 907 841 950 dependant
872 903 1017 951 justitiae
1045 915 1078 938 et
1100 919 1177 938 san-

39 968 243 1008 ctificationi,
269 969 362 1013 quod
386 968 479 1012 prius
503 967 739 1002 immunditiae
762 967 1050 1012 iniquitatiqucfi)
1078 968 1175 1000 detu-

39 1031 157 1062 lerant.
204 1029 298 1073 Quid
324 1043 402 1072 ergo
434 1039 503 1062 tam
528 1031 727 1070 humanum,
752 1030 817 1062 hoc
841 1038 899 1069 est,
924 1028 1007 1073 quid
1030 1037 1099 1061 tam
1124 1028 1176 1060 le-

39 1105 88 1132 ve,
114 1091 195 1136 quid
226 1101 294 1124 tam
325 1091 396 1124 sine
427 1104 548 1130 onere,
581 1100 614 1123 et
638 1092 732 1135 quod
764 1091 906 1133 nulla7)
931 1103 1072 1134 prorsus
1095 1103 1176 1134 pos-

39 1153 80 1185 sit
104 1152 211 1185 carnis
234 1152 409 1185 infirmitas
442 1151 622 1185 excusare?
656 1151 831 1196 ‚‚Sicut,⁸)
863 1150 990 1195 inquit,
1024 1151 1176 1184 exhibui—

38 1214 94 1247 stis
119 1215 272 1247 membra
296 1223 400 1247 vestra
425 1213 547 1246 servire
561 1214 596 1258 9)
620 1213 856 1246 immunditiae
884 1222 916 1244 et
939 1212 1108 1257 iniquitati
1133 1214 1175 1245 ad

38 1275 267 1319 iniquitatem,
296 1274 340 1307 ita
364 1288 455 1307 nunc
487 1275 639 1307 exhibete
663 1276 817 1307 membra
841 1283 947 1306 vestra
972 1274 1095 1307 servire
1121 1274 1174 1319 ju-

35 1336 143 1369 stitiae
172 1337 208 1369 in
237 1335 571 1369 sanctificationemf²
606 1335 851 1378 'Ingloriosum
877 1335 1015 1379 quidem
1041 1345 1105 1375 cst,
1138 1345 1175 1368 ut

34 1400 78 1432 ita
113 1397 186 1443 quis
221 1397 398 1430 virtutibus
429 1397 515 1429 sicut
550 1397 635 1430 vitiis
668 1396 797 1430 serviat.
844 1396 958 1429 Multo
984 1397 1074 1429 enim
1101 1410 1173 1430 am-

35 1459 123 1504 plius
148 1468 180 1491 et
203 1460 313 1491 multo
344 1458 504 1492 intentius
536 1460 739 1492 honoranda
772 1457 897 1504 justitia
928 1467 986 1491 est.
1034 1459 1174 1502 Sed¹⁰)

35 1547 198 1580 dentiae..“
247 1547 397 1592 Quidam
425 1547 524 1580 etiam
550 1561 622 1580 non
647 1548 775 1580 habent
798 1548 961 1588 „sei-view
986 1557 1062 1580 aute
1079 1547 1172 1592 „pie-

35 1592 125 1624 tati.“
150 1594 189 1625 R.
214 1615 258 1622 —
282 1594 321 1625 In
345 1594 421 1626 edd.
446 1593 496 1629 M,
524 1595 616 1626 deest
639 1593 733 1637 prius
759 1602 804 1627 ec.

129 1649 163 1693 ¹)
188 1649 312 1682 Psalm.
337 1649 492 1688 CXVIII,
518 1649 570 1684 19.
594 1648 774 1695 <CXV1L>

126 1704 163 1749 ²)
188 1704 281 1737 Editi
316 1707 364 1749 (v.
389 1719 415 1738 c.
442 1706 520 1739 edd.
542 1705 626 1749 M.):
652 1705 814 1744 „nomine
838 1705 964 1738 Paulus
990 1705 1063 1749 (aL,
1088 1720 1118 1739 v.
1144 1719 1171 1739 c.

35 1750 85 1781 ed.
110 1749 158 1782 M.
183 1751 219 1789 I.,
247 1749 376 1794 Pauli)
400 1749 516 1796 januas
540 1750 691 1795 postulat
715 1750 869 1795 aperiri.“
893 1751 933 1784 Ρι,

125 1806 162 1848 ³)
185 1807 286 1839 Rom.
310 1807 370 1846 VI,
396 1808 448 1842 19.
545 1806 581 1849 ⁴)
608 1805 716 1839 Alias:
741 1805 991 1852 ‚‚injustitiam.“
1015 1807 1056 1840 R.

126 1860 161 1905 ⁵)
184 1862 272 1895 Edd.
298 1862 452 1895 Merlini:
477 1863 552 1894 hoc.

125 1917 160 1960 ⁶)
186 1917 275 1951 Edd.
299 1918 455 1951 Merlini:
483 1927 515 1951 et
538 1917 717 1961 iniquitati.

127 1971 162 2012 ⁷)
185 1973 277 2006 Editi
302 1974 348 2019 (v.
373 1988 400 2006 c.
427 1974 502 2006 edd.
527 1973 613 2015 M.):
638 1974 753 2012 „nulla
774 1973 906 2006 ratione
924 1989 1062 2019 prorsus
1088 1989 1167 2021 pos-

33 2014 73 2048 sit
97 2015 297 2095 insignitatis
329 2019 508 2052 excusar1f⁴
555 2019 624 2052 Sed
658 2032 776 2051 omnes
810 2020 890 2053 Mss.
922 2030 960 2053 ut
990 2020 1025 2053 in
1049 2032 1167 2056 nostro

32 2069 132 2095 textu.
191 2090 198 2096 .

124 2117 161 2163 Β)
186 2119 287 2152 Rom.
310 2120 368 2160 vi,
394 2121 445 2154 19.

125 2174 160 2217 Β)
186 2175 273 2207 Edd.
298 2175 454 2208 Mei-lini:
490 2175 634 2215 „servire
659 2175 844 2221 iniquitati,
876 2177 920 2210 ila
952 2192 1043 2211 nunc
1075 2180 1168 2213 exhi-

31 2218 129 2251 betef‘
156 2229 227 2259 etc..
253 2220 382 2254 omissis
407 2221 554 2265 reliquis.

104 2274 160 2319 ¹⁰)
185 2275 273 2309 Edd.
293 2276 447 2310 Merlini:
475 2278 543 2311 Sed
565 2286 597 2309 et
620 2290 680 2319 ego
704 2287 764 2311 etc.
781 2299 818 2306 -—
840 2279 909 2313 Cfr.
923 2281 1023 2315 Rom.
1037 2282 1096 2322 VI,
1113 2283 1164 2318 19.
