1320 2444
289 65 640 100 COMMENTARIORUM
663 67 736 100 Lm.
762 67 821 101 IX.
1059 69 1128 105 305

4 168 36 192 et
57 158 90 192 in
113 155 210 190 nobis
235 155 382 200 aliquid,
415 157 458 190 ad
485 155 579 202 cujus
601 157 832 202 unusquisque
856 170 1051 193 mensuram
1076 161 1129 193 vel

4 205 178 253 rationem'
199 217 338 258 gratiam
370 227 594 262 promeretur.
647 219 767 263 Neque
799 218 889 252 enim
915 221 958 252 de
980 221 1052 254 sola
1076 233 1129 254 sa-

1 278 124 325 pientia
154 278 390 323 accipiendum
422 280 526 318 illud,
564 280 659 322 quod
696 279 859 325 scriptum
898 290 962 321 est,
1000 281 1129 326 quia¹)

0 339 80 381 „etsi
101 339 143 372 sit
166 339 284 384 aliquis
308 342 474 385 perfectus
497 340 532 372 in
558 339 632 373 filiis
657 340 846 382 hominum,
870 342 897 375 si
920 343 1005 376 desit
1025 343 1054 376 ei
1077 357 1130 377 sa-

0 402 139 447 pientia,
181 401 316 446 quae2)
360 415 397 434 cx
430 412 462 435 te
486 411 550 441 est,
582 403 623 435 ad
655 403 800 436 nihilum
830 404 1131 449 reputabitur.“³)

0 463 130 496 Eodem
162 475 310 507 namque
339 465 446 497 modo
470 477 649 508 possumus
673 463 802 498 dicere:
834 466 933 498 etiam
957 465 984 499 si
1006 465 1048 499 sit
1072 466 1133 498 ali-

0 524 72 569 quis
95 525 264 570 perfectus
287 524 320 557 in
334 524 370 569 ¹²)
402 526 469 558 fide
492 525 526 557 in
551 524 627 559 filiis
651 524 849 567 hominum,
878 527 905 560 si
930 527 1013 560 desit
1037 527 1068 560 ei
1093 528 1132 560 fi-

2 588 67 627 des,
101 584 236 631 quae⁵)
270 599 307 619 cx
333 596 389 619 tua
427 586 528 627 gratia
562 595 623 625 est,
654 586 689 619 in
729 587 875 620 nihilum
908 588 1131 633 reputabitur.

0 642 96 687 113⁶)
129 652 161 677 et
191 646 218 679 si
251 650 419 692 perfectus
448 648 488 681 sit
518 646 590 692 quis
615 647 649 680 in
673 647 879 688 miniStcrio,
902 649 929 682 si
954 649 1037 683 desit
1061 649 1090 682 ei
1113 662 1133 681 a

0 705 78 739 Deo
108 708 282 742 ministerii
317 709 439 750 gratia,
475 709 509 742 in
540 709 684 741 nihilum
710 710 930 754 reputabitur.
976 711 1026 744 Ita
1052 720 1084 744 et
1105 711 1134 746 si

0 769 166 812 perfectus
189 770 230 803 sit
253 772 288 804 in
313 771 469 804 doctrina
495 770 577 815 quiz,
602 780 634 804 et
652 771 737 804 desit
761 771 791 804 ei
809 773 1034 817 doctrinae7)
1060 785 1135 815 gra-

1 831 56 870 tia,
79 844 165 876 quae
196 845 233 864 cx
256 833 334 865 Deo
361 841 425 872 est,
456 832 490 865 in
523 832 668 865 nihilum
694 833 915 877 reputabitur.
960 833 1006 867 Et
1028 834 1074 867 ita
1098 835 1135 867 in

3 893 161 926 omnibus
192 893 307 938 his,⁸)
340 907 427 939 quae
451 903 647 928 enumerata
672 904 766 934 sunt,
793 904 840 929 est
863 898 1030 939 quaedam
1056 910 1137 941 per-

1 955 101 987 fe-ctio
125 955 214 987 inter
236 955 324 988 filios
355 955 556 996 hominum,
585 969 687 1000 quam
713 957 832 989 labore
856 966 887 989 et
909 958 1027 991 studiis
1050 971 1136 1002 pro-

2 1015 82 1061 priis
108 1025 346 1060 assequuntur,
371 1017 438 1050 sive
461 1016 496 1049 in
520 1017 702 1062 sapientia,
726 1018 792 1051 sive
815 1017 850 1051 in
876 1019 1046 1059 doctrina,
1069 1019 1137 1052 sive

2 1077 37 1110 in
72 1077 143 1110 aliis
180 1077 318 1111 officiis:
352 1091 440 1122 quae
469 1087 583 1111 tamen
613 1079 639 1112 si
669 1092 742 1112 non
776 1079 971 1124 habeant⁹>
1005 1093 1023 1113 a
1056 1080 1136 1114 Deo

3 1138 140 1181 gratiam
166 1140 290 1179 datam,
314 1139 398 1172 nihil
424 1149 531 1181 erunt,
555 1141 634 1185 quia
649 1141 676 1174 si
691 1141 775 1176 (lesit
797 1141 834 1175 iis
850 1141 906 1184 ¹⁰)
930 1141 1034 1182 gratia
1058 1141 1138 1187 Spi-

100 1295 133 1338 ι)
157 1294 249 1328 Editi
273 1294 320 1340 (v.
348 1309 374 1328 c.
400 1296 476 1329 edd.
502 1295 588 1341 M.):
613 1296 713 1341 „quia
738 1296 764 1329 si
787 1296 848 1331 εἰν*
867 1307 926 1332 etc.
950 1298 990 1332 R.
1009 1319 1050 1325 —
1069 1298 1139 1334 Cfr.

4 1341 83 1386 Sap.
108 1341 237 1374 Salom.
261 1341 322 1381 IX,
347 1342 377 1375 6.

95 1397 132 1441 2)
155 1397 246 1430 Editi
274 1396 320 1440 (v.
346 1410 373 1430 c.
399 1397 474 1430 edd.
502 1396 581 1440 Μ),
606 1405 637 1429 et
659 1396 738 1430 Mss.
765 1399 854 1431 duo:
878 1411 985 1443 „quac
1002 1412 1039 1432 ex
1061 1399 1139 1432 Deo

5 1447 80 1477 est.“
127 1442 196 1518 sci?
220 1442 304 1475 Msc.
336 1442 417 1484 l'ueg.
449 1456 543 1475 num.
570 1443 684 1483 1636Ἷ
710 1452 741 1475 et
765 1442 945 1477 Rabanus:
968 1457 1078 1490 „quae
1102 1459 1141 1478 ex

4 1497 37 1522 te
62 1492 138 1521 est.“
195 1511 202 1519 .

97 1544 135 1587 ³)
160 1543 248 1575 Edd.
271 1542 427 1575 Merlini:
454 1542 682 1587 deputabitur.

99 1598 135 1643 4)
161 1599 407 1633 Desiderantur
430 1598 464 1631 in
490 1598 585 1632 editis
611 1598 659 1644 (e.
684 1612 710 1632 c.
735 1601 813 1633 edd.
837 1600 907 1643 M.)
932 1601 1051 1633 verba:
1086 1601 1143 1640 „iu

6 1645 104 1678 fide.“
151 1643 234 1676 Msc.
266 1643 345 1685 Reg.
375 1657 469 1676 num.
494 1645 591 1678 1639.
622 1644 679 1683 ,,ἷη
711 1645 778 1677 fide
812 1655 843 1677 et
868 1646 902 1678 in
929 1645 1005 1678 filiis
1031 1646 1144 1679 homi-

7 1693 125 1724 num:“
149 1689 207 1722 sed
233 1690 333 1721 ceteri
359 1688 435 1721 Mss.
463 1697 495 1720 et
518 1690 677 1722 Rabanus
700 1698 737 1721 ut
760 1690 796 1722 in
820 1699 920 1722 textu.
946 1689 985 1722 R.

101 1745 136 1791 5)
161 1743 253 1777 Editi
277 1745 329 1788 (v.
357 1759 383 1777 c.
408 1745 484 1777 edd.
509 1744 589 1788 M.),
614 1752 644 1776 et
661 1743 738 1778 les.
764 1746 853 1777 duo:
878 1758 986 1789 „quae
1011 1758 1048 1778 ex
1064 1745 1142 1779 Deo

10 1795 87 1825 est.“
135 1791 203 1823 Sed
235 1789 316 1823 Msc.
348 1788 428 1831 Reg.
460 1802 552 1823 num.
578 1790 675 1824 1636.
708 1799 739 1823 et
764 1790 940 1823 Rabanus:
971 1804 1081 1835 „quae
1105 1805 1144 1824 ex

9 1845 65 1869 tua
94 1836 197 1877 gratia
222 1838 301 1867 est.“
326 1833 365 1867 R.

99 1891 136 1934 ⁶)
160 1891 293 1924 Verba:
325 1891 395 1929 „Ita
427 1900 459 1924 et
482 1891 508 1924 si
531 1891 699 1935 perfectus
723 1890 764 1922 sit
788 1889 860 1934 quis
885 1890 920 1923 in
945 1890 1145 1933 ministerio,

10 1936 37 1970 si
62 1937 145 1970 desit
177 1936 207 1968 ei
239 1949 257 1968 a
282 1935 359 1967 Deo
393 1936 570 1970 ministerii
596 1936 717 1976 gratia,
741 1936 776 1968 in
801 1935 945 1969 nihilum
970 1938 1143 1981 reputabi-

10 1986 93 2021 tur,“
124 1993 188 2013 nec
219 1981 253 2013 in
287 1981 382 2014 editis
406 1980 453 2025 (v.
478 1995 504 2014 c.
531 1982 607 2015 edd.
633 1980 717 2024 Μ),
748 1993 813 2013 nec
842 1983 935 2025 apud
961 1981 1145 2016 Rahanum

11 2034 219 2071 comparent.
244 2025 284 2058 R.

104 2080 139 2125 ⁷)
166 2080 258 2113 Editi
281 2081 329 2125 (v.
354 2094 380 2115 c.
406 2082 481 2114 edd.
505 2080 591 2125 M.):
616 2080 792 2121 „doctrina
814 2080 968 2122 gratiae.“
987 2080 1088 2114 Male.
1104 2081 1143 2114 R.

102 2136 140 2180 8)
165 2136 269 2169 Deest
292 2137 383 2176 ‚,his“
408 2136 444 2169 in
469 2137 545 2169 edd.
571 2136 620 2169 Μ.

104 2192 142 2236 9)
167 2192 255 2225 Edd.
283 2191 438 2224 Merlini:
463 2192 611 2226 habeant
634 2192 774 2235 gratiam
800 2206 817 2226 a
835 2191 912 2225 Deo
931 2191 1054 2224 datam.

85 2247 141 2293 ¹⁰)
166 2248 229 2281 Ed.
252 2248 300 2281 M.
327 2248 358 2281 I:
385 2248 423 2281 ei.

17 2308 191 2344 Olucmms
218 2309 355 2344 OPERA.
388 2309 485 2344 Tom.
510 2309 582 2343 VII.
856 2310 901 2343 20
