1320 2444
320 72 676 112 ComMnNrAmonvM
699 78 774 112 Lm.
798 78 842 112 X.
1092 79 1160 115 387

20 176 171 203 nostram
202 166 395 200 doctrinam
427 167 550 213 scripta
582 176 677 200 sunt:
716 176 753 200 ut
782 180 844 212 per
872 166 1088 212 patientiam,
1129 177 1162 202 et

21 227 293 264 consolationem
324 228 598 274 scripturarum,
627 242 721 274 spem
755 229 970 263 habeamus.“
1017 229 1162 264 Videtur

21 291 56 325 in
88 290 138 324 his
169 290 296 323 Paulus
329 291 466 324 firmum
490 299 595 324 semet
618 290 728 335 ipsum
754 290 995 335 pronuntiare,
1024 290 1161 335 sicut¹)

20 360 52 386 et
75 351 111 385 in
135 351 248 396 prima
275 352 317 385 ad
344 351 542 386 Corinthios
564 352 666 392 dicit,
689 351 768 396 quia
791 353 920 393 „faetus
932 351 970 396 2)
1001 366 1076 386 sum
1107 352 1162 386 in-

19 413 124 446 firmis
147 412 314 452 infirmus,
338 422 374 446 ut
397 413 552 447 infirmos
575 414 757 447 lucrarer.“
811 413 856 447 Et
885 412 933 447 ibi
964 413 1054 446 enim
1086 427 1160 447 non

17 487 52 509 sc
76 473 159 507 dicit
180 473 356 507 infirmum
382 486 462 515 esse,
485 476 545 508 sed
568 474 642 508 fieri
665 473 859 507 infirmum:
884 483 915 507 et
937 487 1009 507 non
1032 474 1161 519 utique,

18 536 44 569 si
66 534 222 568 infirmus
246 536 376 575 fuisset,
409 535 483 568 fieri
511 535 673 580 potuisset
702 535 869 570 infirmus.
922 536 991 570 Sed
1022 549 1096 569 non
1120 549 1159 569 ex

19 596 86 629 hoc
117 595 310 640 accipias³)
340 609 417 630 eum
450 597 544 641 quasi
577 596 816 630 immemorem
845 596 997 631 mandati
1010 596 1047 642 ¹²)
1070 596 1160 631 illius

18 657 104 697 loci,
139 670 208 702 quo
242 657 380 690 dicitur:
411 658 597 703 ‚,lautlet⁵)
628 668 661 692 te
691 658 867 704 proximus
899 667 993 698 tuus,
1025 667 1056 691 et
1086 672 1161 692 non

17 727 114 751 tuum
141 731 195 759 os;
220 727 411 759 extraneus,
449 728 480 752 et
516 732 588 752 non
621 728 677 752 tua
709 718 831 753 labia.“
876 719 958 751 Non
990 731 1069 761 ergo
1093 731 1160 764 pro

18 781 122 813 laude
145 779 299 825 propria,
321 780 379 813 sed
405 793 470 825 pro
495 793 608 814 rerum
634 780 875 826 consequentia
895 782 1031 814 firmum
1057 789 1163 813 semet

19 840 130 886 ipsum
154 841 362 886 pronuntiat.
410 841 448 875 Si
472 841 561 874 enim
587 841 658 887 ipse
682 842 878 876 humilitatis
908 840 1071 887 speciess)
1107 842 1162 875 in-

17 911 71 935 ter
94 903 211 935 firmos
234 901 366 936 vitasset
389 903 599 943 enumerari,
623 903 698 948 quis
722 902 809 947 ex⁷)
839 903 900 944 his,
925 903 983 948 qui
1012 903 1161 937 aliorum

20 963 231 998 infirmitates
252 972 390 1007 portare
415 964 591 1003 deberent,
624 965 764 997 auderet
793 964 908 997 subire
931 963 1020 997 istud
1045 964 1164 1003 officii,

23 1034 61 1058 ut
85 1024 180 1069 quasi
205 1020 323 1058 {fimus
347 1024 420 1069 ipse
444 1025 636 1066 fragilitates
659 1025 876 1058 infirmorum
890 1024 928 1069 ⁸)
959 1026 1047 1058 ferre
1077 1025 1164 1058 nite-

23 1085 141 1120 retur?
189 1085 257 1118 Sed
282 1085 360 1118 ideo
386 1099 572 1119 commune
594 1085 674 1119 facit
696 1085 786 1120 istud
811 1085 977 1126 officium,
998 1095 1036 1118 ut
1058 1099 1164 1120 unus-

23 1146 165 1192 quisque
187 1156 342 1180 nostrum
367 1146 402 1180 in
427 1160 496 1192 quo
521 1155 642 1192 potest,
666 1146 765 1180 etiam
786 1147 906 1180 sinon
929 1147 965 1180 in
990 1147 1163 1187 omnihus,

21 1217 137 1241 tamen
167 1208 204 1240 in
237 1220 306 1252 quo
337 1209 469 1242 videtur
500 1208 635 1241 firmior
666 1207 826 1252 proximo
849 1221 913 1242 suo
939 1220 1025 1248 esse,
1047 1218 1163 1253 portet

23 1269 253 1303 infirmitatem
280 1268 369 1314 cjus;
391 1269 477 1303 sicut
501 1268 581 1303 etin
596 1269 668 1303 aliis
692 1269 792 1302 dicit:
815 1269 981 1309 „invicem
995 1268 1032 1313 9)
1057 1282 1164 1302 onera

22 1340 129 1365 vestra
153 1333 318 1375 portate.“
372 1330 441 1364 Sed
474 1330 607 1364 videtur
629 1333 779 1371 „onera“
809 1330 864 1363 hic
895 1344 961 1376 pro
987 1330 1164 1376 corporeis

22 1391 275 1426 necessitatibus
305 1392 517 1431 nominasse,
545 1401 584 1424 ut
612 1391 639 1425 si
672 1391 746 1436 quis
776 1391 812 1425 in
836 1391 1051 1426 facultatibus
1076 1405 1164 1437 opu-

23 1453 150 1487 lentior
175 1463 239 1493 est,
271 1467 357 1487 onus
383 1451 597 1498 pauperioris
620 1461 751 1497 portet,
776 1461 807 1485 et
830 1452 1010 1497 penuriam
1034 1453 1165 1487 soletur

26 1515 245 1549 abundantia.
292 1514 332 1547 In
367 1527 407 1548 eo
433 1527 533 1555 vero,
567 1513 627 1547 ubi
652 1513 823 1558 dicit‚¹⁰)
857 1523 895 1547 ut
920 1514 1088 1549 firmiores
1111 1515 1165 1548 in-

45 1693 53 1726 }
121 1649 157 1693 ¹)
181 1648 269 1682 Edd.
293 1646 449 1681 Merlini:
482 1647 568 1681 sicut
590 1646 625 1680 in
651 1646 762 1691 prima
794 1647 934 1692 epistola
966 1648 1010 1680 ad
1038 1645 1165 1681 Corin-

28 1704 117 1728 tuos
142 1703 202 1727 etc.
227 1713 272 1720 --

119 1750 157 1795 2>
182 1750 196 1782 I
222 1749 302 1783 Cor.
327 1749 388 1789 IX,
411 1749 465 1782 22.
489 1767 531 1772 —
557 1747 661 1780 Deest
684 1746 868 1787 „infirmis“
896 1747 933 1780 in
956 1747 1032 1780 edd.
1057 1746 1106 1781 M.

121 1804 160 1848 3)
184 1804 276 1838 Editi
301 1805 349 1850 (v,
373 1817 398 1838 c.
426 1805 502 1837 edd.
528 1803 613 1847 M.):
637 1802 854 1848 ‚,adspieias.“
879 1802 921 1835 R.

123 1859 160 1904 ⁴)
184 1859 268 1893 Msc.
294 1860 374 1902 Reg.
402 1873 494 1894 num.
526 1859 623 1894 1639.
655 1859 828 1898 „mandati
861 1858 950 1892 illius
976 1866 1007 1891 et
1031 1857 1168 1902 eloquii,

31 1918 100 1949 quo
127 1905 271 1938 dicitur“
296 1914 357 1938 etc.
405 1905 474 1938 Sed
500 1904 600 1937 ceteri
624 1904 721 1944 Mss.,
756 1903 936 1944 Rabanus,
959 1912 991 1936 et
1015 1903 1095 1936 editi
1119 1902 1167 1947 (e.

31 1963 58 1983 c.
84 1950 160 1985 cdd.
186 1950 256 1994 Μ.)
281 1959 318 1983 ut
341 1951 377 1983 in
401 1959 501 1984 textu.
528 1950 567 1984 R.

125 2006 161 2050 ⁵)
186 2005 286 2039 Prov.
310 2006 454 2046 XXVII,
478 2007 512 2040 2.
530 2023 572 2031 —
588 2005 677 2039 Edd.
694 2004 850 2039 Merlini:
875 2013 907 2039 et
919 2017 991 2038 non
1006 2017 1042 2037 os
1056 2012 1169 2046 tuum3

33 2059 218 2090 extraneus,
243 2060 274 2083 et
296 2064 369 2084 non
394 2052 484 2084 labia
507 2061 574 2084 tua.

126 2104 164 2150 ὁ)
187 2105 277 2140 Edd.
301 2105 457 2140 Merlini:
482 2105 594 2152 specie
616 2119 651 2140 se
674 2105 763 2139 inter
785 2106 906 2139 firmos
930 2104 1060 2139 vitasset
1083 2117 1168 2137 enu-

34 2163 166 2184 merare
191 2160 252 2183 etc.

128 2205 165 2250 ⁷)
189 2205 253 2238 Ed.
278 2205 326 2240 M.
353 2206 402 2239 11:
428 2205 462 2240 in
488 2206 547 2241 his.
630 2206 669 2250 ε5)
690 2205 755 2239 Ed.
780 2205 829 2238 M.
854 2204 901 2237 II:
926 2203 1168 2238 infirmiorum.

129 2261 166 2305 ⁹)
193 2261 294 2296 Galat
331 2262 387 2303 VI,
411 2263 441 2296 2.
538 2261 596 2306 ¹⁰)
620 2262 690 2298 Cfr.
714 2260 815 2295 Rom.
842 2260 918 2300 XV,
944 2259 967 2292 1.

831 2321 904 2356 25*
