1377 2454
190 77 258 112 244
464 75 642 110 Ommzms
666 85 704 110 m
727 75 790 110 ΕΡ.
814 84 862 110 An
887 76 1067 112 Romanos

194 167 381 200 verborum
406 178 534 206 mensa,
560 168 602 199 ad
628 180 730 211 quam
750 166 906 211 videmur
931 167 1131 208 consedisse,
1154 177 1192 202 ut
1217 169 1332 203 cibum

194 229 290 262 verbi
313 228 380 261 Dei
403 241 468 273 pro
493 228 713 272 possibilitate
736 242 920 269 sumamus,
946 230 1006 262 fiat
1028 230 1062 262 in
1086 231 1256 275 laqueum,
1281 232 1333 264 vel

193 291 229 323 in
254 289 525 329 retributionem,
550 291 600 321 vel
624 289 659 321 in
687 290 896 330 scandalum,
919 290 946 323 si
972 304 1045 324 non
1068 291 1333 332 intelligibiliter,

194 361 227 385 et
249 361 287 384 ut
311 351 449 392 dignum
476 360 540 390 est,
572 351 721 384 mundos
746 365 783 384 ex
808 364 861 391 ea,
895 361 927 384 ct
950 365 1055 396 puros
1082 365 1121 385 ac
1143 353 1331 398 spirituales

194 413 289 446 cibos
313 412 497 457 sapientiae
525 412 713 456 capiamus:
748 412 847 446 etiam
881 412 967 446 illud
1000 413 1126 458 pariter
1149 415 1331 448 observan—

194 485 252 514 tes,
275 488 319 507 ne
343 474 527 507 immundis
558 483 588 506 et
611 474 757 508 sordidis
783 474 1004 514 vestimentis,
1036 474 1071 508 id
1098 484 1160 515 est,
1184 489 1333 520 corpore

194 535 300 579 aut¹)
325 537 430 568 corde
453 536 589 579 polluto
619 535 661 567 ad
694 549 846 569 mensam
874 535 1058 580 sapientiae
1083 537 1334 579 consideamus;

195 595 302 641 sed²)
329 596 476 640 speciem
505 596 610 629 futuri
635 596 669 629 in
696 596 798 629 coelis
823 597 973 634 convivii
1003 595 1069 643 jam
1103 612 1194 630 nunc
1224 598 1333 631 medi-

193 668 310 697 tantes,
336 671 398 702 per
422 657 679 690 conversionem
705 667 735 690 et
760 658 1007 702 poenitentiam
1025 659 1225 693 indumenta
1245 673 1333 704 quo-

192 720 276 752 tidie
300 720 484 752 mundiora
511 729 542 752 et
566 720 731 764 nuptialia
745 719 780 763 ³)
804 733 1057 764 praeparemus,
1088 722 1210 766 quibus
1233 731 1332 753 uten-

193 790 250 819 tes,
276 782 388 813 aulam
412 781 613 825 sapientiae,
646 790 677 813 et
711 781 877 814 thalamos
901 781 962 814 filii
999 782 1083 824 regis
1111 782 1237 815 intrare
1261 795 1332 814 me-

194 856 341 875 reamur.

282 905 314 938 8.
338 904 450 943 „Dico
464 902 500 947 α>
526 916 621 944 ergo:
645 904 815 948 numquid
838 905 883 939 sic
918 906 1146 945 offenderunt,
1170 914 1208 938 ut
1233 906 1333 938 cade-

195 964 293 998 rent?
338 966 444 998 Absit.
506 966 624 1010 Sed⁵)
658 966 798 998 illorum
830 967 952 999 delicto
986 967 1073 999 salus
1087 965 1122 1008 ⁶)
1155 966 1333 1004 Gentibus,

194 1036 232 1059 ut
256 1027 333 1059 illos
359 1027 581 1059 aemulentur.
631 1025 739 1068 Quod
768 1027 794 1059 si
820 1028 980 1061 delictum
1006 1027 1174 1071 eorum'7)
1200 1027 1334 1060 divitiae

193 1089 326 1127 mundi,
352 1098 382 1121 et
407 1087 588 1120 diminutio
615 1101 734 1120 eorum
760 1088 894 1121 divitiae
909 1088 1090 1122 Gentium:
1116 1098 1243 1133 quanto
1259 1102 1331 1121 ma·

194 1150 240 1192 gis
264 1149 444 1194 plenitudo
472 1149 634 1185 eoruml“
673 1149 760 1181 Cum
787 1150 990 1194 exposuisset
1013 1151 1200 1196 Apostolus
1226 1163 1273 1189 ea,
1296 1150 1333 1183 in

194 1212 317 1256 quibus
340 1211 536 1255 repudiatus
562 1220 608 1244 est
633 1211 751 1251 lsrael,
788 1221 819 1244 et
842 1211 1058 1245 introductae
1089 1220 1167 1245 sunt
1192 1210 1335 1251 Gente53

195 1282 227 1306 et
265 1282 492 1306 enumerasset
528 1272 627 1304 etiam
665 1273 932 1318 prophetias,⁸)
973 1287 1060 1318 quae
1096 1274 1138 1306 de
1174 1272 1333 1305 caecitate

192 1335 366 1379 ipsorum,
390 1343 420 1366 et
444 1334 585 1377 laquem,
612 1343 641 1366 et
667 1335 906 1373 retributione,
942 1335 1172 1378 scandaloque
1196 1322 1332 1379 praedi-

192 1404 325 1428 xerant:
357 1408 400 1427 ne
425 1409 557 1427 rursum
586 1394 753 1427 Gentibus
778 1395 962 1429 insultandi
988 1409 1101 1429 causas
1128 1405 1158 1427 et
1179 1395 1332 1427 elationis

192 1455 366 1489 materiam
403 1457 602 1499 praeberet,
637 1456 748 1500 ipsum
783 1456 914 1489 Israelis
946 1458 1079 1501 lapsum
1113 1456 1196 1488 dicit
1226 1457 1330 1488 talem

191 1518 309 1558 fuisse,
338 1531 410 1550 non
443 1526 478 1549 ut
502 1517 551 1549 illi
577 1518 755 1558 caderent,
783 1519 841 1551 sed
874 1528 911 1551 ut
944 1519 1068 1551 delicto
1099 1530 1161 1550 suo
1186 1517 1329 1550 salutem

288 1655 321 1701 ¹)
348 1656 403 1688 Sic
438 1656 520 1687 Msc.
545 1656 626 1697 Reg.
656 1671 748 1689 num.
775 1656 871 1691 1639.
908 1656 1002 1690 Editi
1024 1670 1103 1690 vero
1128 1655 1174 1700 (e.
1200 1670 1226 1688 c.
1253 1657 1328 1689 edd.

191 1701 277 1746 Ma)
301 1715 361 1740 „ac
388 1702 524 1733 cordef‘
572 1702 649 1734 Mss.
676 1703 833 1746 quidam,
858 1711 889 1734 et
915 1702 1092 1734 Rabanus:
1118 1711 1171 1740 „et
1196 1703 1331 1734 corde.“

192 1748 329 1780 Deinde
353 1747 456 1778 iidem
483 1747 619 1787 habent,
643 1747 743 1780 alius:
769 1757 848 1787 „aut
870 1747 1049 1791 speeiem,“
1081 1747 1153 1780 alii:
1178 1755 1232 1786 „et
1253 1759 1330 1790 spe-

193 1792 311 1825 ciem.“
338 1792 439 1823 Male.
466 1791 502 1824 R.

285 1847 322 1890 2>
348 1847 410 1879 Ed.
442 1846 490 1879 M.
524 1846 554 1878 I:
591 1860 674 1890 „per
708 1846 897 1891 speciem,“
927 1847 980 1879 ed.
1010 1845 1057 1879 M.
1083 1847 1131 1879 ll:
1168 1856 1223 1887 „et
1253 1859 1330 1891 spe-

193 1893 312 1926 ciem.“
362 1891 430 1924 Csr.
456 1905 528 1936 pag.
555 1891 653 1937 hujus
679 1901 752 1936 not.
779 1895 807 1926 1.

285 1948 322 1991 ³)
349 1946 418 1980 Csr.
444 1948 563 1980 Matth.
588 1947 699 1986 XXII,
726 1948 777 1982 12.
872 1945 908 1990 Δ>
933 1946 1033 1980 Rom.
1057 1947 1118 1986 XI,
1144 1948 1195 1981 11.
1223 1947 1275 1980 12.

285 2004 320 2047 ⁵)
346 2003 408 2037 Ed.
436 2004 484 2037 M.
508 2005 548 2036 Il.
572 2004 660 2037 sola:
685 2003 754 2036 Sed
779 2016 815 2035 ex
840 2003 980 2036 illorum
1009 2003 1132 2036 delicto
1158 2012 1219 2037 etc.

283 2060 320 2102 ⁶)
345 2059 434 2095 Edd,
459 2058 615 2092 Merlini:
642 2059 728 2092 salus
755 2068 800 2091 est
827 2057 1002 2091 Gentibus.

283 2113 319 2156 ⁷)
347 2114 434 2147 Edd.
462 2114 617 2147 Merlini:
643 2115 783 2147 illorum
809 2114 942 2147 divitiae
965 2124 1042 2148 sunt
1065 2115 1196 2149 mundi.

282 2172 320 2215 Β)
347 2172 403 2205 Sic
430 2185 548 2204 omnes
566 2171 644 2204 Mss.
666 2170 784 2202 nostri.
807 2169 899 2202 Editi
921 2183 1001 2203 vero
1027 2171 1072 2216 (e.
1100 2185 1126 2204 c.
1147 2171 1221 2204 edd.
1237 2169 1324 2213 Μ);

188 2218 405 2262 „prophet-as,
429 2217 485 2260 qui
512 2217 554 2248 de
578 2214 734 2249 caecitate
759 2215 932 2258 ipsorum,
960 2225 992 2249 et
1014 2217 1148 2260 laqueO,
1175 2224 1205 2248 et
1229 2215 1325 2248 retri-

188 2263 330 2296 butione
353 2261 504 2296 scandali
530 2261 797 2307 praedixerant.“
823 2260 861 2292 R.
