1320 2444
334 55 688 89 Commtmmonum
711 53 786 87 Lm.
809 53 854 88 X.
1095 51 1165 88 389

26 147 232 182 infirmantes
268 143 478 185 indulgentia
516 141 696 186 laxiore1)
736 141 911 176 dissolvat:
948 142 1008 176 sed
1040 141 1160 182 sciens,

28 206 187 253 quoniam
211 205 239 238 si
263 213 419 249 portetur
441 205 614 243 infirmus,
646 212 703 236 aut
734 203 902 236 erubescit
928 202 1051 236 diutius
1075 215 1160 247 por·

25 267 97 307 tari,
123 277 153 300 et
177 266 314 307 corrigit
347 266 463 299 vitium
497 263 735 308 delinquendi3
768 274 825 297 aut
853 264 881 297 si
913 265 1095 297 emendare
1123 276 1159 297 se

22 343 93 363 non
119 329 221 366 valet,
254 328 317 361 erit
349 336 436 360 certe
461 328 588 359 fructus
617 325 678 358 iste
700 326 866 369 portantis
890 338 985 365 eum,
1010 326 1105 369 quod
1119 323 1156 369 ²)

23 384 93 424 nlon
118 388 255 434 proficit
278 388 312 421 in
338 387 451 434 pejus,
483 401 546 420 nec
576 397 682 420 semet
713 388 788 431 ipso
822 387 970 420 deterior
1001 387 1158 426 efficitur,

22 452 106 486 sicut
128 450 192 489 illi,
226 451 269 482 de
303 450 426 494 quibus
461 449 540 481 dicit
563 449 765 493 Apostolus:
801 447 1017 493 ,‚ncquam³)
1043 457 1156 480 autem

22 512 177 546 homines
212 521 243 544 et
273 512 468 544 seductores
492 510 674 555 proficient
696 510 730 542 in
755 503 868 554 iit-jus,
890 511 1100 549 seducentes,
1125 517 1158 541 et

22 577 200 608 errantes.“
263 572 438 605 Debemus
479 582 589 604 autem
629 571 672 604 ad
710 571 764 610 id,
809 572 904 615 quod
942 570 1155 603 infirmitates

20 645 196 680 portamus
221 634 455 673 infirmorum,
487 634 611 665 addere
634 632 735 665 etiam
760 632 891 675 hocf)
926 641 963 664 ut
992 645 1066 665 non
1089 645 1156 665 no-

19 697 69 730 bis
93 696 171 741 ipsis
195 696 405 740 placeamus,
435 695 495 728 sed
523 692 765 738 ‚‚proximo,⁵)
796 693 831 726 iu
864 694 983 726 bouo“
1010 702 1155 735 tantum,

20 768 50 792 et
63 758 98 802 ⁶)
122 759 187 797 „ad
212 756 517 789 aedificationem.⁴‘
562 755 752 788 Philautiae
775 755 912 795 vitium,
935 754 971 787 id
995 764 1061 794 est,
1090 754 1155 787 sibi

18 819 80 864 ipsi
96 818 267 864 placendi,
286 817 367 850 etin
387 816 458 850 aliis
477 817 784 861 culpatpropheta‚
803 829 880 849 cum
899 816 996 849 dicit:
1020 815 1152 860 „vae⁷)

18 881 79 921 his,
103 880 161 926 qui
184 881 276 924 apud
299 888 404 912 semet
427 879 517 923 ipsos
541 878 707 923 sapientes
728 886 816 917 sunt,
844 879 922 921 etss)
948 877 983 910 in
1009 890 1154 921 conspe-

21 953 75 976 ctu
97 957 158 976 suo
184 941 338 974 eruditi.“
395 939 557 972 Similiter
586 952 664 980 ergo
695 948 726 972 et
749 939 784 971 in
808 939 876 972 hoc
898 952 1077 983 possumus
1101 938 1155 971 di-

19 1018 111 1037 cere:
136 1017 197 1035 vae
220 1003 288 1042 his,
325 1000 431 1045 qui9)
465 1001 527 1034 sibi
551 1000 629 1045 ipsis
654 1001 807 1044 placent,
841 1009 873 1033 et
906 1001 941 1033 in
967 1009 1152 1044 conspectu

16 1080 79 1099 suo
117 1063 203 1097 boni
238 1063 403 1096 videntur.
467 1063 615 1107 Oportet
657 1061 748 1094 enim
787 1063 822 1094 in
861 1070 1047 1105 conspectu
1083 1061 1151 1094 Dei

16 1127 129 1173 primo
161 1127 310 1170 placere,
343 1125 494 1157 secundo
527 1124 628 1156 etiam
650 1124 822 1168 proximis.
869 1122 1034 1167 Sicut¹⁰)
1059 1122 1151 1156 enim

15 1190 166 1234 primum
192 1197 239 1221 est
263 1186 401 1227 diligere
423 1184 615 1218 Dominum
639 1185 773 1225 Deum,
803 1194 835 1218 et
855 1184 1008 1218 secundo
1035 1183 1152 1228 proxi-

15 1261 131 1284 mum:
155 1250 199 1282 ita
223 1257 255 1280 et
277 1247 427 1292 primum
452 1247 588 1291 placere
608 1246 704 1285 Deo,
732 1247 884 1280 secundo
911 1246 1010 1278 etiam
1034 1245 1150 1289 proxi-

16 1312 87 1346 mis.
125 1312 194 1344 Sed
219 1311 359 1343 fortasse
384 1309 472 1341 dicat
497 1308 627 1352 aliquis,
652 1307 821 1340 contraria
845 1307 909 1340 sibi
927 1306 1072 1339 Paulum
1099 1307 1151 1339 di-

16 1387 91 1407 cere
114 1373 149 1406 in
174 1385 227 1412 eo,
252 1372 346 1416 quod
370 1369 464 1415 jubet
497 1382 560 1402 nos
582 1368 788 1413 placei-1:¹¹)
821 1368 1000 1413 proximis,
1032 1368 1089 1412 qui
1112 1368 1148 1400 in

110 1461 144 1505 ¹)
168 1461 250 1493 Biss.
288 1469 320 1492 et
351 1459 525 1491 Rabanus:
569 1457 749 1498 „laxiore.“
798 1456 891 1490 Editi
921 1457 968 1500 (ν.
1003 1471 1030 1490 c.
1069 1457 1146 1490 edd,

14 1506 100 1550 M.)
125 1505 322 1546 „la1·gi0re.“
347 1524 388 1529 —
414 1503 485 1536 Cfr.
509 1516 582 1547 pag.
607 1503 683 1537 388.
708 1512 778 1535 not.
805 1502 856 1535 11.

107 1560 260 1606 2>Ε<11ῑί
291 1559 339 1604 (v.
373 1573 400 1593 c.
432 1561 506 1592 edd.
537 1557 621 1600 M.):
662 1559 708 1598 „si
743 1571 816 1591 non
853 1557 952 1601 (Mss.
990 1556 1147 1602 quidam:

15 1606 114 1654 quod
140 1607 172 1638 si
198 1605 290 1648 non)
315 1605 450 1648 proficit
472 1605 507 1637 in
530 1603 658 1647 pejus.“
712 1603 780 1636 Sed
812 1603 934 1635 rectius
956 1602 1039 1635 Msc.
1065 1601 1146 1642 Reg„

14 1666 108 1686 num.
134 1651 229 1685 1639.
255 1659 286 1682 et
309 1650 468 1682 Rabanus
492 1659 528 1681 ut
551 1649 585 1681 in
610 1657 708 1680 textu.
734 1648 772 1680 R.

106 1707 143 1752 3)
168 1706 259 1739 Editi
284 1705 329 1750 (e.
356 1719 383 1738 c.
408 1706 483 1738 edd.
510 1703 592 1748 M.):
624 1716 862 1747 „nequaquam
897 1712 1007 1735 autem
1033 1702 1148 1735 homin

14 1767 73 1787 nes
104 1754 298 1786 seductores
333 1752 536 1795 profmienU‘
575 1758 633 1782 etc.
668 1749 752 1780 Msc.
790 1747 869 1788 Reg.
911 1761 1005 1781 num.
1047 1747 1145 1781 16:39,

16 1809 47 1832 ct
71 1798 248 1831 Rabauus:
271 1796 507 1840 „prossciunt.“
532 1794 570 1827 R.
597 1813 639 1819 —
666 1792 735 1825 Csr.
760 1793 790 1824 II
815 1792 965 1826 Timoth.
989 1792 1047 1832 III,
1072 1793 1125 1826 13.

107 1853 143 1898 ⁴)
169 1853 271 1885 Deest
293 1852 401 1891 „hoc“
426 1851 461 1884 in
486 1851 562 1882 edd.
586 1850 635 1883 M.
661 1869 702 1874 —
729 1848 798 1881 Cfr.
822 1848 922 1882 Rom.
945 1848 1022 1888 XV,
1048 1849 1078 1881 1.

107 1909 143 1953 ⁵)
168 1909 268 1942 Rom.
293 1907 369 1946 XV,
391 1908 422 1940 2.
520 1905 556 1949 6>
581 1905 802 1938 Desideratur
824 1909 897 1944 „eU‘
919 1905 955 1938 in
979 1906 1054 1937 cdd.
1079 1904 1127 1937 M.

109 1966 144 2008 7)
170 1964 268 1998 Jesai.
293 1963 334 2002 V,
355 1963 408 1996 21.
503 1962 540 2006 8)
564 1962 669 1995 Deest
691 1966 766 2001 ,μυί
789 1960 823 1993 in
850 1961 924 1994 edd.
949 1959 998 1992 M.

107 2018 144 2064 ⁹)
167 2020 230 2052 Ed.
255 2020 304 2052 M.
329 2020 361 2052 I:
385 2019 465 2062 „qui
487 2018 622 2051 sibimet
652 2017 732 2062 ipsis
755 2018 922 2061 placent,“
948 2016 998 2050 ed.
1023 2014 1072 2049 M.
1097 2014 1140 2048 II:

15 2066 95 2110 „qui
118 2074 222 2098 semet
245 2065 322 2108 ipsis
346 2065 511 2109 placent.“

87 2120 144 2172 '‘0)
168 2121 260 2154 Editi
300 2120 347 2165 (v.
375 2133 401 2152 c.
427 2120 502 2152 edd.
525 2119 611 2164 M.):
651 2119 768 2160 „Sicut
797 2118 911 2164 primo
937 2125 984 2150 est
1007 2116 1146 2158 diligere

16 2180 74 2199 -:
99 2176 143 2199 ita
169 2175 200 2198 et
221 2165 357 2210 prim0“
381 2174 440 2199 etc.
465 2164 504 2198 R.

86 2222 145 2264 ¹¹)
167 2222 256 2255 Edd.
281 2219 436 2256 Merlini:
458 2220 621 2266 proximis
644 2221 791 2267 placere,
816 2219 895 2265 quia
919 2227 981 2253 etc.
1004 2237 1050 2246 —
1074 2216 1145 2252 Cir.

19 2266 129 2302 Galat.
152 2268 178 2309 1,
201 2267 254 2302 10.
