<?xml version="1.0" encoding="UTF-8"?>
<!DOCTYPE html PUBLIC "-//W3C//DTD XHTML 1.0 Transitional//EN"
    "http://www.w3.org/TR/xhtml1/DTD/xhtml1-transitional.dtd">
<html xmlns="http://www.w3.org/1999/xhtml" xml:lang="en" lang="en">
 <head>
  <title>
</title>
<meta http-equiv="Content-Type" content="text/html;charset=utf-8" />
  <meta name='ocr-system' content='tesseract 3.04.00' />
  <meta name='ocr-capabilities' content='ocr_page ocr_carea ocr_par ocr_line ocrx_word'/>
</head>
<body>
  <div class='ocr_page' id='page_1' title='image "./operaomniaquaegr07orig/operaomniaquaegr07orig_0126.png"; bbox 0 0 1377 2454; ppageno 0'>
   <div class='ocr_carea' id='block_1_1' title="bbox 142 33 1018 72">
    <p class='ocr_par' dir='ltr' id='par_1_1' title="bbox 142 33 1018 72">
     <span class='ocr_line' id='line_1_1' title="bbox 142 33 1018 72; baseline 0.003 -3"><span class='ocrx_word' id='word_1_1' title='bbox 142 34 209 69; x_wconf 83' lang='lat'>108</span> <span class='ocrx_word' id='word_1_2' title='bbox 414 33 593 68; x_wconf 70' lang='lat' dir='ltr'>Omenms</span> <span class='ocrx_word' id='word_1_3' title='bbox 617 45 654 69; x_wconf 77' lang='lat' dir='ltr'>m</span> <span class='ocrx_word' id='word_1_4' title='bbox 678 35 741 69; x_wconf 82' lang='lat' dir='ltr'>Ep,</span> <span class='ocrx_word' id='word_1_5' title='bbox 766 44 814 70; x_wconf 80' lang='lat' dir='ltr'>An</span> <span class='ocrx_word' id='word_1_6' title='bbox 838 36 1018 72; x_wconf 68' lang='lat' dir='ltr'>RomAms</span> 
     </span>
    </p>
   </div>
   <div class='ocr_carea' id='block_1_2' title="bbox 130 123 1278 1590">
    <p class='ocr_par' dir='ltr' id='par_1_2' title="bbox 130 123 1278 1590">
     <span class='ocr_line' id='line_1_2' title="bbox 140 123 1277 174; baseline 0.006 -19"><span class='ocrx_word' id='word_1_7' title='bbox 140 124 244 156; x_wconf 89' lang='lat' dir='ltr'>Dona</span> <span class='ocrx_word' id='word_1_8' title='bbox 278 136 356 166; x_wconf 85' lang='lat' dir='ltr'>ergo</span> <span class='ocrx_word' id='word_1_9' title='bbox 382 123 511 158; x_wconf 84' lang='lat' dir='ltr'>diversa</span> <span class='ocrx_word' id='word_1_10' title='bbox 535 125 699 170; x_wconf 76' lang='lat' dir='ltr'><strong>Spiritus,</strong></span> <span class='ocrx_word' id='word_1_11' title='bbox 731 140 750 159; x_wconf 85' lang='lat' dir='ltr'>a</span> <span class='ocrx_word' id='word_1_12' title='bbox 780 127 890 160; x_wconf 81' lang='lat' dir='ltr'>Paulo</span> <span class='ocrx_word' id='word_1_13' title='bbox 923 127 1023 160; x_wconf 86' lang='lat' dir='ltr'>multi</span> <span class='ocrx_word' id='word_1_14' title='bbox 1056 127 1192 173; x_wconf 83' lang='lat' dir='ltr'>spiritus</span> <span class='ocrx_word' id='word_1_15' title='bbox 1217 143 1277 174; x_wconf 78' lang='lat' dir='ltr'>ap-</span> 
     </span>
     <span class='ocr_line' id='line_1_3' title="bbox 138 185 1278 236; baseline 0.006 -19"><span class='ocrx_word' id='word_1_16' title='bbox 138 185 321 230; x_wconf 79' lang='lat' dir='ltr'><strong>pellantur.</strong></span> <span class='ocrx_word' id='word_1_17' title='bbox 374 186 509 219; x_wconf 86' lang='lat' dir='ltr'>Horum</span> <span class='ocrx_word' id='word_1_18' title='bbox 542 197 655 221; x_wconf 83' lang='lat' dir='ltr'>autem</span> <span class='ocrx_word' id='word_1_19' title='bbox 686 189 875 222; x_wconf 88' lang='lat' dir='ltr'>multorum</span> <span class='ocrx_word' id='word_1_20' title='bbox 910 190 1084 223; x_wconf 86' lang='lat' dir='ltr'>donorum</span> <span class='ocrx_word' id='word_1_21' title='bbox 1114 190 1278 236; x_wconf 84' lang='lat' dir='ltr'>quicquid</span> 
     </span>
     <span class='ocr_line' id='line_1_4' title="bbox 140 250 1278 295; baseline 0.005 -16"><span class='ocrx_word' id='word_1_22' title='bbox 140 256 190 280; x_wconf 87' lang='lat' dir='ltr'>est</span> <span class='ocrx_word' id='word_1_23' title='bbox 212 261 383 280; x_wconf 88' lang='lat' dir='ltr'>summum</span> <span class='ocrx_word' id='word_1_24' title='bbox 415 257 448 282; x_wconf 85' lang='lat' dir='ltr'>et</span> <span class='ocrx_word' id='word_1_25' title='bbox 478 262 657 291; x_wconf 85' lang='lat' dir='ltr'>magnum,</span> <span class='ocrx_word' id='word_1_26' title='bbox 693 250 764 283; x_wconf 89' lang='lat' dir='ltr'>sine</span> <span class='ocrx_word' id='word_1_27' title='bbox 789 251 896 284; x_wconf 85' lang='lat' dir='ltr'>dubio</span> <span class='ocrx_word' id='word_1_28' title='bbox 921 251 1080 295; x_wconf 81' lang='lat' dir='ltr'>Apostoli</span> <span class='ocrx_word' id='word_1_29' title='bbox 1104 253 1278 285; x_wconf 83' lang='lat' dir='ltr'>consecuti</span> 
     </span>
     <span class='ocr_line' id='line_1_5' title="bbox 138 309 1277 358; baseline 0.006 -18"><span class='ocrx_word' id='word_1_30' title='bbox 138 318 226 349; x_wconf 84' lang='lat' dir='ltr'>sunt,</span> <span class='ocrx_word' id='word_1_31' title='bbox 251 318 289 341; x_wconf 88' lang='lat' dir='ltr'>ut</span> <span class='ocrx_word' id='word_1_32' title='bbox 312 309 429 342; x_wconf 89' lang='lat' dir='ltr'>idonei</span> <span class='ocrx_word' id='word_1_33' title='bbox 452 320 575 351; x_wconf 83' lang='lat' dir='ltr'><strong>essent,</strong></span> <span class='ocrx_word' id='word_1_34' title='bbox 599 311 685 344; x_wconf 87' lang='lat' dir='ltr'>sicut</span> <span class='ocrx_word' id='word_1_35' title='bbox 710 322 742 345; x_wconf 92' lang='lat' dir='ltr'>et</span> <span class='ocrx_word' id='word_1_36' title='bbox 764 312 835 357; x_wconf 88' lang='lat' dir='ltr'>ipse</span> <span class='ocrx_word' id='word_1_37' title='bbox 858 313 985 346; x_wconf 87' lang='lat' dir='ltr'>Paulus</span> <span class='ocrx_word' id='word_1_38' title='bbox 1010 313 1100 354; x_wconf 83' lang='lat' dir='ltr'>(licit,</span> <span class='ocrx_word' id='word_1_39' title='bbox 1116 313 1150 358; x_wconf 85' lang='lat'>¹)</span> <span class='ocrx_word' id='word_1_40' title='bbox 1174 313 1277 346; x_wconf 83' lang='lat' dir='ltr'>mini-</span> 
     </span>
     <span class='ocr_line' id='line_1_6' title="bbox 137 370 1275 419; baseline 0.004 -16"><span class='ocrx_word' id='word_1_41' title='bbox 137 370 197 403; x_wconf 85' lang='lat' dir='ltr'>stri</span> <span class='ocrx_word' id='word_1_42' title='bbox 220 370 301 403; x_wconf 89' lang='lat' dir='ltr'>novi</span> <span class='ocrx_word' id='word_1_43' title='bbox 325 372 531 412; x_wconf 79' lang='lat' dir='ltr'>testamenti,</span> <span class='ocrx_word' id='word_1_44' title='bbox 562 373 642 417; x_wconf 81' lang='lat' dir='ltr'>et²)</span> <span class='ocrx_word' id='word_1_45' title='bbox 674 383 712 406; x_wconf 88' lang='lat' dir='ltr'>ut</span> <span class='ocrx_word' id='word_1_46' title='bbox 735 376 867 418; x_wconf 78' lang='lat' dir='ltr'>replere</span> <span class='ocrx_word' id='word_1_47' title='bbox 890 384 1029 419; x_wconf 79' lang='lat' dir='ltr'>possent</span> <span class='ocrx_word' id='word_1_48' title='bbox 1051 375 1275 417; x_wconf 72' lang='lat' dir='ltr'>Evangelium</span> 
     </span>
     <span class='ocr_line' id='line_1_7' title="bbox 137 434 1278 484; baseline 0.004 -19"><span class='ocrx_word' id='word_1_49' title='bbox 137 434 179 465; x_wconf 81' lang='lat' dir='ltr'>ab</span> <span class='ocrx_word' id='word_1_50' title='bbox 204 434 394 466; x_wconf 77' lang='lat' dir='ltr'>Jerusalem</span> <span class='ocrx_word' id='word_1_51' title='bbox 428 434 464 466; x_wconf 91' lang='lat' dir='ltr'>in</span> <span class='ocrx_word' id='word_1_52' title='bbox 494 434 635 467; x_wconf 84' lang='lat' dir='ltr'>circuitu</span> <span class='ocrx_word' id='word_1_53' title='bbox 667 449 774 480; x_wconf 88' lang='lat' dir='ltr'>usque</span> <span class='ocrx_word' id='word_1_54' title='bbox 808 437 850 469; x_wconf 84' lang='lat' dir='ltr'>ad</span> <span class='ocrx_word' id='word_1_55' title='bbox 888 436 1072 484; x_wconf 87' lang='lat' dir='ltr'>Illyricum.</span> <span class='ocrx_word' id='word_1_56' title='bbox 1120 438 1197 470; x_wconf 88' lang='lat' dir='ltr'>Hoc</span> <span class='ocrx_word' id='word_1_57' title='bbox 1225 450 1278 470; x_wconf 89' lang='lat' dir='ltr'>er-</span> 
     </span>
     <span class='ocr_line' id='line_1_8' title="bbox 136 494 1276 544; baseline 0.005 -18"><span class='ocrx_word' id='word_1_58' title='bbox 136 495 242 539; x_wconf 81' lang='lat' dir='ltr'>go,3)</span> <span class='ocrx_word' id='word_1_59' title='bbox 274 496 368 540; x_wconf 88' lang='lat' dir='ltr'>quod</span> <span class='ocrx_word' id='word_1_60' title='bbox 401 494 437 527; x_wconf 87' lang='lat' dir='ltr'>in</span> <span class='ocrx_word' id='word_1_61' title='bbox 470 509 527 528; x_wconf 90' lang='lat' dir='ltr'>eos</span> <span class='ocrx_word' id='word_1_62' title='bbox 559 510 641 540; x_wconf 88' lang='lat' dir='ltr'>prae</span> <span class='ocrx_word' id='word_1_63' title='bbox 666 497 783 530; x_wconf 87' lang='lat' dir='ltr'>ceteris</span> <span class='ocrx_word' id='word_1_64' title='bbox 807 498 984 532; x_wconf 81' lang='lat' dir='ltr'>sublimius</span> <span class='ocrx_word' id='word_1_65' title='bbox 1001 509 1046 532; x_wconf 73' lang='lat' dir='ltr'>‘et</span> <span class='ocrx_word' id='word_1_66' title='bbox 1069 498 1276 544; x_wconf 84' lang='lat' dir='ltr'>praeclarius</span> 
     </span>
     <span class='ocr_line' id='line_1_9' title="bbox 136 557 1275 605; baseline 0.004 -16"><span class='ocrx_word' id='word_1_67' title='bbox 136 557 300 590; x_wconf 86' lang='lat' dir='ltr'>collatum</span> <span class='ocrx_word' id='word_1_68' title='bbox 325 566 373 590; x_wconf 88' lang='lat' dir='ltr'>est</span> <span class='ocrx_word' id='word_1_69' title='bbox 396 557 502 590; x_wconf 82' lang='lat' dir='ltr'>sancti</span> <span class='ocrx_word' id='word_1_70' title='bbox 528 558 672 602; x_wconf 73' lang='lat' dir='ltr'>Spiritus</span> <span class='ocrx_word' id='word_1_71' title='bbox 697 560 838 599; x_wconf 89' lang='lat' dir='ltr'>donum,</span> <span class='ocrx_word' id='word_1_72' title='bbox 861 559 983 593; x_wconf 88' lang='lat' dir='ltr'>merito</span> <span class='ocrx_word' id='word_1_73' title='bbox 1008 560 1175 605; x_wconf 74' lang='lat' dir='ltr'>primitias</span> <span class='ocrx_word' id='word_1_74' title='bbox 1199 573 1275 593; x_wconf 88' lang='lat' dir='ltr'>san-</span> 
     </span>
     <span class='ocr_line' id='line_1_10' title="bbox 135 619 1277 666; baseline 0.003 -14"><span class='ocrx_word' id='word_1_75' title='bbox 135 619 180 652; x_wconf 91' lang='lat' dir='ltr'>cti</span> <span class='ocrx_word' id='word_1_76' title='bbox 203 619 348 664; x_wconf 76' lang='lat' dir='ltr'>Spiritus</span> <span class='ocrx_word' id='word_1_77' title='bbox 372 619 562 663; x_wconf 82' lang='lat' dir='ltr'>appellavit.</span> <span class='ocrx_word' id='word_1_78' title='bbox 599 620 644 653; x_wconf 90' lang='lat' dir='ltr'>Et</span> <span class='ocrx_word' id='word_1_79' title='bbox 666 620 745 653; x_wconf 88' lang='lat' dir='ltr'>ideo</span> <span class='ocrx_word' id='word_1_80' title='bbox 771 621 867 654; x_wconf 90' lang='lat' dir='ltr'>dicit:</span> <span class='ocrx_word' id='word_1_81' title='bbox 893 623 974 662; x_wconf 88' lang='lat' dir='ltr'>„sed</span> <span class='ocrx_word' id='word_1_82' title='bbox 985 621 1022 666; x_wconf 79' lang='lat'>⁴²)</span> <span class='ocrx_word' id='word_1_83' title='bbox 1047 631 1079 655; x_wconf 88' lang='lat' dir='ltr'>et</span> <span class='ocrx_word' id='word_1_84' title='bbox 1090 635 1153 655; x_wconf 91' lang='lat' dir='ltr'>nos</span> <span class='ocrx_word' id='word_1_85' title='bbox 1179 621 1277 666; x_wconf 85' lang='lat' dir='ltr'>ipsi.“</span> 
     </span>
     <span class='ocr_line' id='line_1_11' title="bbox 135 680 1275 728; baseline 0.003 -15"><span class='ocrx_word' id='word_1_86' title='bbox 135 681 176 713; x_wconf 84' lang='lat' dir='ltr'>Jn</span> <span class='ocrx_word' id='word_1_87' title='bbox 201 695 270 726; x_wconf 86' lang='lat' dir='ltr'>quo</span> <span class='ocrx_word' id='word_1_88' title='bbox 295 680 485 725; x_wconf 75' lang='lat' dir='ltr'>specialiter</span> <span class='ocrx_word' id='word_1_89' title='bbox 509 681 683 724; x_wconf 82' lang='lat' dir='ltr'>designare</span> <span class='ocrx_word' id='word_1_90' title='bbox 713 682 846 716; x_wconf 88' lang='lat' dir='ltr'>videtur</span> <span class='ocrx_word' id='word_1_91' title='bbox 872 683 1106 728; x_wconf 85' lang='lat' dir='ltr'>Apostolicam</span> <span class='ocrx_word' id='word_1_92' title='bbox 1131 683 1275 726; x_wconf 83' lang='lat' dir='ltr'>dignita-</span> 
     </span>
     <span class='ocr_line' id='line_1_12' title="bbox 134 741 1274 790; baseline 0.001 -14"><span class='ocrx_word' id='word_1_93' title='bbox 134 752 213 776; x_wconf 85' lang='lat' dir='ltr'>tem.</span> <span class='ocrx_word' id='word_1_94' title='bbox 261 741 343 775; x_wconf 85' lang='lat' dir='ltr'>Nos</span> <span class='ocrx_word' id='word_1_95' title='bbox 358 742 394 786; x_wconf 75' lang='grc'>5)</span> <span class='ocrx_word' id='word_1_96' title='bbox 421 755 511 785; x_wconf 82' lang='lat' dir='ltr'>ergo,</span> <span class='ocrx_word' id='word_1_97' title='bbox 535 743 656 787; x_wconf 87' lang='lat' dir='ltr'>inquit,</span> <span class='ocrx_word' id='word_1_98' title='bbox 682 745 769 789; x_wconf 83' lang='lat' dir='ltr'>ipsi,</span> <span class='ocrx_word' id='word_1_99' title='bbox 794 745 860 778; x_wconf 89' lang='lat' dir='ltr'>hoc</span> <span class='ocrx_word' id='word_1_100' title='bbox 879 754 937 784; x_wconf 83' lang='lat' dir='ltr'>est,</span> <span class='ocrx_word' id='word_1_101' title='bbox 960 745 1129 790; x_wconf 80' lang='lat' dir='ltr'>Apostoli,</span> <span class='ocrx_word' id='word_1_102' title='bbox 1140 746 1274 790; x_wconf 82' lang='lat' dir='ltr'>primi-</span> 
     </span>
     <span class='ocr_line' id='line_1_13' title="bbox 135 803 1273 851; baseline 0.004 -15"><span class='ocrx_word' id='word_1_103' title='bbox 135 805 212 837; x_wconf 81' lang='lat' dir='ltr'>tias</span> <span class='ocrx_word' id='word_1_104' title='bbox 240 804 405 848; x_wconf 79' lang='lat' dir='ltr'>Spiritus</span> <span class='ocrx_word' id='word_1_105' title='bbox 430 803 620 845; x_wconf 74' lang='lat' dir='ltr'>habentes,</span> <span class='ocrx_word' id='word_1_106' title='bbox 647 805 705 850; x_wconf 84' lang='lat' dir='ltr'>qui</span> <span class='ocrx_word' id='word_1_107' title='bbox 732 806 828 839; x_wconf 83' lang='lat' dir='ltr'>electi</span> <span class='ocrx_word' id='word_1_108' title='bbox 853 820 968 840; x_wconf 89' lang='lat' dir='ltr'>sumus</span> <span class='ocrx_word' id='word_1_109' title='bbox 983 808 1027 840; x_wconf 85' lang='lat' dir='ltr'>ad</span> <span class='ocrx_word' id='word_1_110' title='bbox 1043 808 1121 848; x_wconf 90' lang='lat' dir='ltr'>hoc,</span> <span class='ocrx_word' id='word_1_111' title='bbox 1144 816 1183 840; x_wconf 82' lang='lat' dir='ltr'>ut</span> <span class='ocrx_word' id='word_1_112' title='bbox 1202 806 1273 851; x_wconf 89' lang='lat' dir='ltr'>pri-</span> 
     </span>
     <span class='ocr_line' id='line_1_14' title="bbox 132 866 1276 914; baseline 0.001 -15"><span class='ocrx_word' id='word_1_113' title='bbox 132 866 242 900; x_wconf 83' lang='lat' dir='ltr'>mitias</span> <span class='ocrx_word' id='word_1_114' title='bbox 266 866 412 910; x_wconf 81' lang='lat' dir='ltr'>Spiritus</span> <span class='ocrx_word' id='word_1_115' title='bbox 435 866 674 911; x_wconf 76' lang='lat' dir='ltr'>acciperemus,</span> <span class='ocrx_word' id='word_1_116' title='bbox 700 867 800 900; x_wconf 80' lang='lat' dir='ltr'>etiam</span> <span class='ocrx_word' id='word_1_117' title='bbox 834 869 909 912; x_wconf 84' lang='lat' dir='ltr'>ipsi</span> <span class='ocrx_word' id='word_1_118' title='bbox 943 869 1043 902; x_wconf 75' lang='lat' dir='ltr'>intra</span> <span class='ocrx_word' id='word_1_119' title='bbox 1068 879 1137 902; x_wconf 75' lang='lat' dir='ltr'>nos</span> <span class='ocrx_word' id='word_1_120' title='bbox 1156 869 1276 914; x_wconf 70' lang='lat' dir='ltr'>gemi-</span> 
     </span>
     <span class='ocr_line' id='line_1_15' title="bbox 133 928 1274 975; baseline 0 -14"><span class='ocrx_word' id='word_1_121' title='bbox 133 940 223 962; x_wconf 83' lang='lat' dir='ltr'>mus.</span> <span class='ocrx_word' id='word_1_122' title='bbox 269 929 309 961; x_wconf 88' lang='lat' dir='ltr'>ln</span> <span class='ocrx_word' id='word_1_123' title='bbox 333 937 476 968; x_wconf 83' lang='lat' dir='ltr'>tantum,</span> <span class='ocrx_word' id='word_1_124' title='bbox 500 928 621 973; x_wconf 88' lang='lat' dir='ltr'>inquit,</span> <span class='ocrx_word' id='word_1_125' title='bbox 646 929 741 961; x_wconf 85' lang='lat' dir='ltr'>nulla</span> <span class='ocrx_word' id='word_1_126' title='bbox 764 939 919 962; x_wconf 86' lang='lat' dir='ltr'>creatura</span> <span class='ocrx_word' id='word_1_127' title='bbox 946 940 1003 971; x_wconf 88' lang='lat' dir='ltr'>est,</span> <span class='ocrx_word' id='word_1_128' title='bbox 1032 944 1119 975; x_wconf 85' lang='lat' dir='ltr'>quae</span> <span class='ocrx_word' id='word_1_129' title='bbox 1143 928 1274 963; x_wconf 87' lang='lat' dir='ltr'>dolori-</span> 
     </span>
     <span class='ocr_line' id='line_1_16' title="bbox 133 989 1276 1036; baseline 0.001 -13"><span class='ocrx_word' id='word_1_130' title='bbox 133 992 197 1023; x_wconf 85' lang='lat' dir='ltr'>bus</span> <span class='ocrx_word' id='word_1_131' title='bbox 223 999 255 1022; x_wconf 86' lang='lat' dir='ltr'>et</span> <span class='ocrx_word' id='word_1_132' title='bbox 279 989 458 1032; x_wconf 83' lang='lat' dir='ltr'>gemitibus</span> <span class='ocrx_word' id='word_1_133' title='bbox 483 1000 594 1030; x_wconf 79' lang='lat' dir='ltr'>vacet,</span> <span class='ocrx_word' id='word_1_134' title='bbox 627 999 665 1022; x_wconf 88' lang='lat' dir='ltr'>ut</span> <span class='ocrx_word' id='word_1_135' title='bbox 690 990 789 1023; x_wconf 85' lang='lat' dir='ltr'>etiam</span> <span class='ocrx_word' id='word_1_136' title='bbox 813 1005 878 1024; x_wconf 90' lang='lat' dir='ltr'>nos</span> <span class='ocrx_word' id='word_1_137' title='bbox 902 991 984 1036; x_wconf 82' lang='lat' dir='ltr'>ipsi,</span> <span class='ocrx_word' id='word_1_138' title='bbox 1017 991 1075 1036; x_wconf 85' lang='lat' dir='ltr'>qui</span> <span class='ocrx_word' id='word_1_139' title='bbox 1100 1005 1232 1025; x_wconf 80' lang='lat' dir='ltr'>summa</span> <span class='ocrx_word' id='word_1_140' title='bbox 1256 1004 1276 1024; x_wconf 84' lang='lat' dir='ltr'>a</span> 
     </span>
     <span class='ocr_line' id='line_1_17' title="bbox 133 1052 1274 1098; baseline 0.001 -13"><span class='ocrx_word' id='word_1_141' title='bbox 133 1052 263 1097; x_wconf 84' lang='lat' dir='ltr'>Spiritu</span> <span class='ocrx_word' id='word_1_142' title='bbox 287 1060 403 1084; x_wconf 80' lang='lat' dir='ltr'>sancto</span> <span class='ocrx_word' id='word_1_143' title='bbox 429 1061 461 1084; x_wconf 91' lang='lat' dir='ltr'>et</span> <span class='ocrx_word' id='word_1_144' title='bbox 486 1052 590 1084; x_wconf 83' lang='lat' dir='ltr'>electa</span> <span class='ocrx_word' id='word_1_145' title='bbox 616 1053 706 1084; x_wconf 86' lang='lat' dir='ltr'>dona</span> <span class='ocrx_word' id='word_1_146' title='bbox 721 1052 945 1097; x_wconf 86' lang='lat' dir='ltr'>percepimus,</span> <span class='ocrx_word' id='word_1_147' title='bbox 970 1053 1133 1096; x_wconf 77' lang='lat' dir='ltr'>tamen⁶)</span> <span class='ocrx_word' id='word_1_148' title='bbox 1158 1066 1274 1098; x_wconf 80' lang='lat' dir='ltr'>exspe—</span> 
     </span>
     <span class='ocr_line' id='line_1_18' title="bbox 133 1113 1277 1158; baseline 0 -11"><span class='ocrx_word' id='word_1_149' title='bbox 133 1124 259 1147; x_wconf 81' lang='lat' dir='ltr'>ctantes</span> <span class='ocrx_word' id='word_1_150' title='bbox 285 1113 508 1158; x_wconf 83' lang='lat' dir='ltr'>adoptionem</span> <span class='ocrx_word' id='word_1_151' title='bbox 533 1113 695 1153; x_wconf 81' lang='lat' dir='ltr'>filiorum,</span> <span class='ocrx_word' id='word_1_152' title='bbox 725 1113 760 1146; x_wconf 90' lang='lat' dir='ltr'>id</span> <span class='ocrx_word' id='word_1_153' title='bbox 786 1123 844 1154; x_wconf 83' lang='lat' dir='ltr'>est,</span> <span class='ocrx_word' id='word_1_154' title='bbox 872 1115 1117 1158; x_wconf 83' lang='lat' dir='ltr'>perfectionem</span> <span class='ocrx_word' id='word_1_155' title='bbox 1144 1128 1277 1156; x_wconf 85' lang='lat' dir='ltr'>eorum,</span> 
     </span>
     <span class='ocr_line' id='line_1_19' title="bbox 132 1175 1273 1221; baseline 0.003 -14"><span class='ocrx_word' id='word_1_156' title='bbox 132 1190 220 1221; x_wconf 83' lang='lat' dir='ltr'>quos</span> <span class='ocrx_word' id='word_1_157' title='bbox 252 1177 377 1208; x_wconf 74' lang='lat' dir='ltr'>docere</span> <span class='ocrx_word' id='word_1_158' title='bbox 402 1185 434 1208; x_wconf 88' lang='lat' dir='ltr'>et</span> <span class='ocrx_word' id='word_1_159' title='bbox 467 1175 642 1208; x_wconf 83' lang='lat' dir='ltr'>instituere</span> <span class='ocrx_word' id='word_1_160' title='bbox 674 1175 764 1208; x_wconf 81' lang='lat' dir='ltr'>missi</span> <span class='ocrx_word' id='word_1_161' title='bbox 798 1190 932 1216; x_wconf 86' lang='lat' dir='ltr'>sumus,</span> <span class='ocrx_word' id='word_1_162' title='bbox 966 1177 1077 1209; x_wconf 87' lang='lat' dir='ltr'>donec</span> <span class='ocrx_word' id='word_1_163' title='bbox 1101 1177 1273 1210; x_wconf 78' lang='lat' dir='ltr'>videamus</span> 
     </span>
     <span class='ocr_line' id='line_1_20' title="bbox 132 1237 1270 1281; baseline 0.001 -10"><span class='ocrx_word' id='word_1_164' title='bbox 132 1252 190 1271; x_wconf 91' lang='lat' dir='ltr'>eos</span> <span class='ocrx_word' id='word_1_165' title='bbox 215 1237 249 1270; x_wconf 88' lang='lat' dir='ltr'>in</span> <span class='ocrx_word' id='word_1_166' title='bbox 274 1246 407 1269; x_wconf 77' lang='lat' dir='ltr'>tantum</span> <span class='ocrx_word' id='word_1_167' title='bbox 431 1237 617 1280; x_wconf 78' lang='lat' dir='ltr'>proficere,</span> <span class='ocrx_word' id='word_1_168' title='bbox 649 1246 686 1268; x_wconf 89' lang='lat' dir='ltr'>ut</span> <span class='ocrx_word' id='word_1_169' title='bbox 711 1238 868 1281; x_wconf 80' lang='lat' dir='ltr'>adoptari</span> <span class='ocrx_word' id='word_1_170' title='bbox 893 1248 1088 1271; x_wconf 75' lang='lat' dir='ltr'>mereantur</span> <span class='ocrx_word' id='word_1_171' title='bbox 1111 1238 1145 1272; x_wconf 87' lang='lat' dir='ltr'>in</span> <span class='ocrx_word' id='word_1_172' title='bbox 1170 1239 1270 1279; x_wconf 83' lang='lat' dir='ltr'>filios,</span> 
     </span>
     <span class='ocr_line' id='line_1_21' title="bbox 130 1298 1271 1344; baseline 0.001 -12"><span class='ocrx_word' id='word_1_173' title='bbox 130 1298 321 1332; x_wconf 84' lang='lat' dir='ltr'>necessario</span> <span class='ocrx_word' id='word_1_174' title='bbox 348 1299 504 1331; x_wconf 83' lang='lat' dir='ltr'>dolemus</span> <span class='ocrx_word' id='word_1_175' title='bbox 529 1308 561 1331; x_wconf 87' lang='lat' dir='ltr'>et</span> <span class='ocrx_word' id='word_1_176' title='bbox 585 1298 758 1341; x_wconf 82' lang='lat' dir='ltr'>gemimus.</span> <span class='ocrx_word' id='word_1_177' title='bbox 807 1299 930 1331; x_wconf 83' lang='lat' dir='ltr'>Donec</span> <span class='ocrx_word' id='word_1_178' title='bbox 956 1313 1036 1342; x_wconf 85' lang='lat' dir='ltr'>ergo</span> <span class='ocrx_word' id='word_1_179' title='bbox 1051 1301 1086 1344; x_wconf 85' lang='grc'>7)</span> <span class='ocrx_word' id='word_1_180' title='bbox 1112 1314 1193 1340; x_wconf 86' lang='lat' dir='ltr'>nos,</span> <span class='ocrx_word' id='word_1_181' title='bbox 1219 1301 1271 1333; x_wconf 89' lang='lat' dir='ltr'>in-</span> 
     </span>
     <span class='ocr_line' id='line_1_22' title="bbox 132 1359 1272 1406; baseline 0.001 -13"><span class='ocrx_word' id='word_1_182' title='bbox 132 1374 246 1406; x_wconf 81' lang='lat' dir='ltr'>quam,</span> <span class='ocrx_word' id='word_1_183' title='bbox 270 1360 327 1404; x_wconf 90' lang='lat' dir='ltr'>qui</span> <span class='ocrx_word' id='word_1_184' title='bbox 352 1359 559 1392; x_wconf 85' lang='lat' dir='ltr'>instituimur</span> <span class='ocrx_word' id='word_1_185' title='bbox 583 1361 625 1391; x_wconf 79' lang='lat' dir='ltr'>ab</span> <span class='ocrx_word' id='word_1_186' title='bbox 651 1360 749 1404; x_wconf 70' lang='lat' dir='ltr'>iis‚⁹)</span> <span class='ocrx_word' id='word_1_187' title='bbox 780 1360 988 1403; x_wconf 82' lang='lat' dir='ltr'>negligimus,</span> <span class='ocrx_word' id='word_1_188' title='bbox 1021 1371 1052 1394; x_wconf 87' lang='lat' dir='ltr'>et</span> <span class='ocrx_word' id='word_1_189' title='bbox 1084 1375 1272 1402; x_wconf 79' lang='lat' dir='ltr'>moramur,</span> 
     </span>
     <span class='ocr_line' id='line_1_23' title="bbox 132 1420 1272 1467; baseline 0 -11"><span class='ocrx_word' id='word_1_190' title='bbox 132 1433 165 1456; x_wconf 85' lang='lat' dir='ltr'>et</span> <span class='ocrx_word' id='word_1_191' title='bbox 194 1420 441 1455; x_wconf 78' lang='lat' dir='ltr'>emendationis</span> <span class='ocrx_word' id='word_1_192' title='bbox 464 1430 600 1454; x_wconf 85' lang='lat' dir='ltr'>nostrae</span> <span class='ocrx_word' id='word_1_193' title='bbox 624 1431 757 1465; x_wconf 83' lang='lat' dir='ltr'>tempus</span> <span class='ocrx_word' id='word_1_194' title='bbox 782 1422 915 1462; x_wconf 84' lang='lat' dir='ltr'>longius</span> <span class='ocrx_word' id='word_1_195' title='bbox 939 1423 1169 1467; x_wconf 78' lang='lat' dir='ltr'>protelamus,</span> <span class='ocrx_word' id='word_1_196' title='bbox 1207 1424 1272 1457; x_wconf 90' lang='lat' dir='ltr'>do-</span> 
     </span>
     <span class='ocr_line' id='line_1_24' title="bbox 130 1482 1272 1527; baseline 0 -10"><span class='ocrx_word' id='word_1_197' title='bbox 130 1498 193 1517; x_wconf 88' lang='lat' dir='ltr'>nec</span> <span class='ocrx_word' id='word_1_198' title='bbox 216 1498 288 1516; x_wconf 89' lang='lat' dir='ltr'>non</span> <span class='ocrx_word' id='word_1_199' title='bbox 312 1482 491 1516; x_wconf 81' lang='lat' dir='ltr'>invisibilia</span> <span class='ocrx_word' id='word_1_200' title='bbox 517 1483 728 1527; x_wconf 82' lang='lat' dir='ltr'>quaerimus,</span> <span class='ocrx_word' id='word_1_201' title='bbox 759 1485 818 1516; x_wconf 88' lang='lat' dir='ltr'>sed</span> <span class='ocrx_word' id='word_1_202' title='bbox 841 1484 1028 1517; x_wconf 84' lang='lat' dir='ltr'>visibilibus</span> <span class='ocrx_word' id='word_1_203' title='bbox 1054 1485 1272 1526; x_wconf 81' lang='lat' dir='ltr'>delectamur,</span> 
     </span>
     <span class='ocr_line' id='line_1_25' title="bbox 130 1544 1273 1590; baseline 0 -11"><span class='ocrx_word' id='word_1_204' title='bbox 130 1547 268 1580; x_wconf 84' lang='lat' dir='ltr'>dolores</span> <span class='ocrx_word' id='word_1_205' title='bbox 294 1544 466 1590; x_wconf 85' lang='lat' dir='ltr'>Apostolis</span> <span class='ocrx_word' id='word_1_206' title='bbox 491 1558 766 1586; x_wconf 84' lang='lat' dir='ltr'>commovemus,</span> <span class='ocrx_word' id='word_1_207' title='bbox 792 1559 829 1578; x_wconf 87' lang='lat' dir='ltr'>ac</span> <span class='ocrx_word' id='word_1_208' title='bbox 855 1546 995 1587; x_wconf 87' lang='lat' dir='ltr'>luctum,</span> <span class='ocrx_word' id='word_1_209' title='bbox 1021 1555 1059 1578; x_wconf 90' lang='lat' dir='ltr'>ut</span> <span class='ocrx_word' id='word_1_210' title='bbox 1081 1545 1125 1579; x_wconf 82' lang='lat' dir='ltr'>ita</span> <span class='ocrx_word' id='word_1_211' title='bbox 1151 1547 1273 1587; x_wconf 86' lang='lat' dir='ltr'>dicam,</span> 
     </span>
    </p>
   </div>
   <div class='ocr_carea' id='block_1_3' title="bbox 129 1607 1269 1649">
    <p class='ocr_par' dir='ltr' id='par_1_3' title="bbox 129 1607 1269 1649">
     <span class='ocr_line' id='line_1_26' title="bbox 129 1607 1269 1649; baseline 0.001 -9"><span class='ocrx_word' id='word_1_212' title='bbox 129 1608 304 1641; x_wconf 83' lang='lat' dir='ltr'>universae</span> <span class='ocrx_word' id='word_1_213' title='bbox 328 1616 501 1639; x_wconf 81' lang='lat' dir='ltr'>creaturae</span> <span class='ocrx_word' id='word_1_214' title='bbox 526 1616 558 1639; x_wconf 91' lang='lat' dir='ltr'>et</span> <span class='ocrx_word' id='word_1_215' title='bbox 582 1607 723 1649; x_wconf 80' lang='lat' dir='ltr'>gemitus</span> <span class='ocrx_word' id='word_1_216' title='bbox 742 1607 949 1642; x_wconf 78' lang='lat' dir='ltr'>suscitamus.</span> <span class='ocrx_word' id='word_1_217' title='bbox 987 1607 1151 1642; x_wconf 80' lang='lat' dir='ltr'>Universa</span> <span class='ocrx_word' id='word_1_218' title='bbox 1173 1622 1269 1641; x_wconf 85' lang='lat' dir='ltr'>nam-</span> 
     </span>
    </p>
   </div>
   <div class='ocr_carea' id='block_1_4' title="bbox 225 1762 564 1806">
    <p class='ocr_par' dir='ltr' id='par_1_4' title="bbox 225 1762 564 1806">
     <span class='ocr_line' id='line_1_27' title="bbox 225 1762 564 1806; baseline 0.006 -11"><span class='ocrx_word' id='word_1_219' title='bbox 225 1764 259 1806; x_wconf 85' lang='grc'>1)</span> <span class='ocrx_word' id='word_1_220' title='bbox 284 1764 317 1795; x_wconf 85' lang='lat'>11</span> <span class='ocrx_word' id='word_1_221' title='bbox 344 1762 422 1795; x_wconf 70' lang='lat' dir='ltr'>Cor.</span> <span class='ocrx_word' id='word_1_222' title='bbox 451 1763 510 1802; x_wconf 80' lang='lat'>111,</span> <span class='ocrx_word' id='word_1_223' title='bbox 534 1764 564 1797; x_wconf 84' lang='lat'>6.</span> 
     </span>
    </p>
   </div>
   <div class='ocr_carea' id='block_1_5' title="bbox 128 1819 1270 1956">
    <p class='ocr_par' dir='ltr' id='par_1_5' title="bbox 128 1819 1270 1956">
     <span class='ocr_line' id='line_1_28' title="bbox 221 1819 1268 1863; baseline 0.002 -11"><span class='ocrx_word' id='word_1_224' title='bbox 221 1819 258 1863; x_wconf 84' lang='lat'>²)</span> <span class='ocrx_word' id='word_1_225' title='bbox 283 1819 339 1852; x_wconf 85' lang='lat' dir='ltr'>Sic</span> <span class='ocrx_word' id='word_1_226' title='bbox 375 1819 459 1852; x_wconf 81' lang='lat' dir='ltr'>Msc.</span> <span class='ocrx_word' id='word_1_227' title='bbox 496 1832 583 1852; x_wconf 82' lang='lat' dir='ltr'>unus</span> <span class='ocrx_word' id='word_1_228' title='bbox 620 1820 701 1861; x_wconf 74' lang='lat' dir='ltr'>Reg.</span> <span class='ocrx_word' id='word_1_229' title='bbox 739 1833 832 1852; x_wconf 90' lang='lat' dir='ltr'>num.</span> <span class='ocrx_word' id='word_1_230' title='bbox 877 1820 987 1859; x_wconf 67' lang='grc'><strong>1639,</strong></span> <span class='ocrx_word' id='word_1_231' title='bbox 1028 1829 1059 1852; x_wconf 86' lang='lat' dir='ltr'>et</span> <span class='ocrx_word' id='word_1_232' title='bbox 1097 1821 1268 1856; x_wconf 83' lang='lat' dir='ltr'>Rabanus.</span> 
     </span>
     <span class='ocr_line' id='line_1_29' title="bbox 130 1864 1270 1911; baseline 0 -12"><span class='ocrx_word' id='word_1_233' title='bbox 130 1864 264 1899; x_wconf 75' lang='lat' dir='ltr'>Caeteri</span> <span class='ocrx_word' id='word_1_234' title='bbox 288 1878 367 1896; x_wconf 84' lang='lat' dir='ltr'>vero</span> <span class='ocrx_word' id='word_1_235' title='bbox 393 1865 486 1902; x_wconf 54' lang='lat' dir='ltr'>Blss„</span> <span class='ocrx_word' id='word_1_236' title='bbox 510 1874 542 1896; x_wconf 86' lang='lat' dir='ltr'>et</span> <span class='ocrx_word' id='word_1_237' title='bbox 568 1864 647 1897; x_wconf 84' lang='lat' dir='ltr'>editi</span> <span class='ocrx_word' id='word_1_238' title='bbox 671 1866 719 1907; x_wconf 82' lang='lat' dir='ltr'>(v.</span> <span class='ocrx_word' id='word_1_239' title='bbox 745 1878 771 1897; x_wconf 89' lang='lat' dir='ltr'>c.</span> <span class='ocrx_word' id='word_1_240' title='bbox 798 1865 872 1898; x_wconf 81' lang='lat' dir='ltr'>cdd.</span> <span class='ocrx_word' id='word_1_241' title='bbox 897 1864 983 1908; x_wconf 61' lang='lat' dir='ltr'>JM.):</span> <span class='ocrx_word' id='word_1_242' title='bbox 1007 1875 1062 1904; x_wconf 89' lang='lat' dir='ltr'>„et</span> <span class='ocrx_word' id='word_1_243' title='bbox 1085 1875 1123 1897; x_wconf 88' lang='lat' dir='ltr'>ut</span> <span class='ocrx_word' id='word_1_244' title='bbox 1146 1867 1270 1911; x_wconf 85' lang='lat' dir='ltr'>repleri</span> 
     </span>
     <span class='ocr_line' id='line_1_30' title="bbox 128 1908 1269 1956; baseline 0.002 -14"><span class='ocrx_word' id='word_1_245' title='bbox 128 1912 190 1955; x_wconf 83' lang='lat' dir='ltr'>(al.</span> <span class='ocrx_word' id='word_1_246' title='bbox 216 1910 376 1954; x_wconf 78' lang='lat' dir='ltr'>replere)</span> <span class='ocrx_word' id='word_1_247' title='bbox 400 1909 531 1952; x_wconf 88' lang='lat' dir='ltr'>possint</span> <span class='ocrx_word' id='word_1_248' title='bbox 560 1910 744 1952; x_wconf 71' lang='lat' dir='ltr'>Evangelio</span> <span class='ocrx_word' id='word_1_249' title='bbox 776 1911 839 1955; x_wconf 81' lang='lat' dir='ltr'>(al.</span> <span class='ocrx_word' id='word_1_250' title='bbox 873 1909 920 1942; x_wconf 82' lang='lat' dir='ltr'>ab</span> <span class='ocrx_word' id='word_1_251' title='bbox 951 1908 1178 1956; x_wconf 74' lang='lat' dir='ltr'>Evangelio)</span> <span class='ocrx_word' id='word_1_252' title='bbox 1204 1913 1269 1944; x_wconf 77' lang='lat' dir='ltr'>al)“</span> 
     </span>
    </p>
   </div>
   <div class='ocr_carea' id='block_1_6' title="bbox 129 1954 1265 2279">
    <p class='ocr_par' dir='ltr' id='par_1_6' title="bbox 129 1954 1265 2279">
     <span class='ocr_line' id='line_1_31' title="bbox 129 1954 722 1994; baseline 0 -5"><span class='ocrx_word' id='word_1_253' title='bbox 129 1966 189 1990; x_wconf 79' lang='lat' dir='ltr'>etc.</span> <span class='ocrx_word' id='word_1_254' title='bbox 214 1957 254 1988; x_wconf 80' lang='lat' dir='ltr'>R.</span> <span class='ocrx_word' id='word_1_255' title='bbox 280 1975 321 1980; x_wconf 89' lang='lat'>--</span> <span class='ocrx_word' id='word_1_256' title='bbox 349 1954 418 1986; x_wconf 83' lang='lat' dir='ltr'>Cfr.</span> <span class='ocrx_word' id='word_1_257' title='bbox 443 1955 543 1987; x_wconf 79' lang='lat' dir='ltr'>Rom.</span> <span class='ocrx_word' id='word_1_258' title='bbox 569 1956 645 1994; x_wconf 86' lang='lat' dir='ltr'>XV,</span> <span class='ocrx_word' id='word_1_259' title='bbox 670 1957 722 1989; x_wconf 82' lang='grc'>19.</span> 
     </span>
     <span class='ocr_line' id='line_1_32' title="bbox 219 2010 1224 2055; baseline 0.004 -13"><span class='ocrx_word' id='word_1_260' title='bbox 219 2011 258 2055; x_wconf 83' lang='grc'>3)</span> <span class='ocrx_word' id='word_1_261' title='bbox 284 2012 389 2043; x_wconf 81' lang='lat' dir='ltr'>Deest</span> <span class='ocrx_word' id='word_1_262' title='bbox 411 2015 535 2052; x_wconf 83' lang='lat' dir='ltr'>‚‚ergo“</span> <span class='ocrx_word' id='word_1_263' title='bbox 559 2010 593 2043; x_wconf 89' lang='lat' dir='ltr'>in</span> <span class='ocrx_word' id='word_1_264' title='bbox 619 2012 696 2044; x_wconf 85' lang='lat' dir='ltr'>edd.</span> <span class='ocrx_word' id='word_1_265' title='bbox 722 2012 771 2044; x_wconf 85' lang='lat' dir='ltr'>M.</span> <span class='ocrx_word' id='word_1_266' title='bbox 865 2012 902 2054; x_wconf 59' lang='grc'>4)</span> <span class='ocrx_word' id='word_1_267' title='bbox 927 2012 1026 2044; x_wconf 86' lang='lat' dir='ltr'>Rom.</span> <span class='ocrx_word' id='word_1_268' title='bbox 1052 2013 1145 2053; x_wconf 80' lang='lat' dir='ltr'>VIII,</span> <span class='ocrx_word' id='word_1_269' title='bbox 1169 2014 1224 2048; x_wconf 81' lang='lat'>23.</span> 
     </span>
     <span class='ocr_line' id='line_1_33' title="bbox 221 2067 576 2111; baseline 0.006 -12"><span class='ocrx_word' id='word_1_270' title='bbox 221 2067 258 2111; x_wconf 74' lang='grc'>5)</span> <span class='ocrx_word' id='word_1_271' title='bbox 282 2068 383 2099; x_wconf 78' lang='lat' dir='ltr'>Rom.</span> <span class='ocrx_word' id='word_1_272' title='bbox 407 2067 499 2107; x_wconf 82' lang='lat' dir='ltr'>VIII,</span> <span class='ocrx_word' id='word_1_273' title='bbox 523 2068 576 2101; x_wconf 78' lang='lat'>23.</span> 
     </span>
     <span class='ocr_line' id='line_1_34' title="bbox 219 2122 1265 2169; baseline 0.002 -13"><span class='ocrx_word' id='word_1_274' title='bbox 219 2123 257 2166; x_wconf 76' lang='grc'>6)</span> <span class='ocrx_word' id='word_1_275' title='bbox 281 2123 374 2156; x_wconf 81' lang='lat' dir='ltr'>Editi</span> <span class='ocrx_word' id='word_1_276' title='bbox 405 2122 452 2167; x_wconf 83' lang='lat' dir='ltr'>(v.</span> <span class='ocrx_word' id='word_1_277' title='bbox 476 2137 503 2156; x_wconf 85' lang='lat' dir='ltr'>c.</span> <span class='ocrx_word' id='word_1_278' title='bbox 537 2124 612 2157; x_wconf 86' lang='lat' dir='ltr'>edd.</span> <span class='ocrx_word' id='word_1_279' title='bbox 638 2123 724 2167; x_wconf 77' lang='grc' dir='ltr'>Μ.);</span> <span class='ocrx_word' id='word_1_280' title='bbox 756 2132 909 2163; x_wconf 77' lang='lat' dir='ltr'>„tantum</span> <span class='ocrx_word' id='word_1_281' title='bbox 943 2129 1201 2169; x_wconf 79' lang='lat' dir='ltr'>exspectantes.“</span> <span class='ocrx_word' id='word_1_282' title='bbox 1226 2125 1265 2158; x_wconf 26' lang='lat' dir='ltr'>R*</span> 
     </span>
     <span class='ocr_line' id='line_1_35' title="bbox 220 2179 753 2224; baseline -0.006 -11"><span class='ocrx_word' id='word_1_283' title='bbox 220 2181 257 2224; x_wconf 78' lang='lat'>⁷)</span> <span class='ocrx_word' id='word_1_284' title='bbox 282 2181 370 2213; x_wconf 85' lang='lat' dir='ltr'><strong>Edd.</strong></span> <span class='ocrx_word' id='word_1_285' title='bbox 394 2179 549 2212; x_wconf 72' lang='lat' dir='ltr'>Mcrlini:</span> <span class='ocrx_word' id='word_1_286' title='bbox 574 2193 635 2211; x_wconf 84' lang='lat' dir='ltr'>nos</span> <span class='ocrx_word' id='word_1_287' title='bbox 665 2192 753 2220; x_wconf 76' lang='lat' dir='ltr'>crgo.</span> 
     </span>
     <span class='ocr_line' id='line_1_36' title="bbox 220 2234 1035 2279; baseline 0.001 -11"><span class='ocrx_word' id='word_1_288' title='bbox 220 2236 259 2277; x_wconf 60' lang='grc' dir='ltr'>ὃ)</span> <span class='ocrx_word' id='word_1_289' title='bbox 285 2235 375 2269; x_wconf 85' lang='lat' dir='ltr'>Editi</span> <span class='ocrx_word' id='word_1_290' title='bbox 402 2234 448 2278; x_wconf 80' lang='lat' dir='ltr'>(v,</span> <span class='ocrx_word' id='word_1_291' title='bbox 474 2250 500 2270; x_wconf 89' lang='lat' dir='ltr'>e.</span> <span class='ocrx_word' id='word_1_292' title='bbox 528 2237 579 2269; x_wconf 77' lang='lat' dir='ltr'>cd.</span> <span class='ocrx_word' id='word_1_293' title='bbox 606 2237 654 2269; x_wconf 87' lang='lat' dir='ltr'>M.</span> <span class='ocrx_word' id='word_1_294' title='bbox 678 2235 756 2279; x_wconf 84' lang='grc' dir='ltr'>ΙῙ,);</span> <span class='ocrx_word' id='word_1_295' title='bbox 781 2237 844 2277; x_wconf 79' lang='lat' dir='ltr'>„ab</span> <span class='ocrx_word' id='word_1_296' title='bbox 870 2235 971 2269; x_wconf 76' lang='lat' dir='ltr'>aliis.“</span> <span class='ocrx_word' id='word_1_297' title='bbox 996 2236 1035 2269; x_wconf 80' lang='lat' dir='ltr'>R.</span> 
     </span>
    </p>
   </div>
  </div>
 </body>
</html>
