1320 2444
315 69 669 103 Comnmnmmonnm
692 69 766 103 Lm.
795 69 841 103 X.
1075 72 1145 107 385

8 162 82 196 fide.
128 159 201 203 Ego
216 158 251 204 ¹)
274 169 378 204 puto,
413 160 554 193 illorum
579 159 812 193 credulitatem
837 159 1002 204 appellari
1025 161 1143 203 magis,

8 235 108 267 quam
133 234 202 254 esse
225 221 338 255 fidem.
386 222 483 255 Sicut
505 221 594 254 enim
619 221 942 266 pseudoprophetae
965 223 1051 255 falso
1075 236 1141 255 no-

6 283 97 316 mine
120 282 292 316 interdum
326 284 516 328 prophetae
549 284 783 327 appellantur3
817 292 848 315 et
877 283 960 316 falsa
991 283 1142 322 scientia,

5 344 141 379 scientia
164 344 306 386 dicitur-3
329 354 361 378 et
385 346 466 378 falsa
489 344 663 389 sapientia,
685 343 849 388 sapientia
865 344 1002 378 abusive
1025 345 1141 378 nomi-

4 416 118 439 natur:
155 406 202 439 ita
226 416 257 439 et
280 406 529 439 haereticorum
555 405 752 445 credulitas,
782 406 866 438 falso
891 406 1033 439 nomine
1058 407 1142 440 fides

5 468 202 512 appellatur.
255 468 357 501 Unde
387 469 570 501 videndum
596 477 657 506 est,
689 480 733 500 ne
758 468 848 500 sorte
872 467 983 508 etiam,
1005 468 1031 501 si
1056 468 1140 511 quid

2 529 87 561 boni
112 529 223 573 operis
247 531 338 574 apud
363 530 438 563 illos
463 531 532 571 geri
555 529 696 569 videtur,
731 530 809 573 quia
839 542 911 562 non
935 530 973 562 fit
999 542 1036 562 ex
1061 529 1140 567 fide,

4 599 218 623 convertatur
241 591 275 623 in
300 601 498 636 peccatum,
520 591 605 624 sicut
629 600 659 623 et
672 590 708 634 2)
749 591 791 622 de
823 592 973 635 quodam
1007 591 1138 623 dictum

3 661 65 684 est:
90 652 218 697 „fiat³)
251 653 359 686 oratio
393 654 462 698 ejus
492 652 528 685 in
558 655 770 697 peccatum.“
827 652 888 684 Est
909 652 1081 685 interdum
1106 661 1138 684 et

3 714 140 753 castitas,
167 727 254 758 quae
277 727 349 747 non
374 723 472 747 estex
496 714 575 753 fide,
601 726 720 746 eorum
738 715 908 752 duntaxat,
935 714 1042 758 qui4)
1066 722 1138 753 „at-

0 777 145 808 tendunt
166 776 338 820 spiritibus
360 775 596 809 seductoribus
621 784 652 808 et
673 776 835 809 doctrinis
860 775 1138 814 daemoniorum.

0 835 35 870 in
60 837 230 884 hypocrisi
252 838 333 870 falsa
356 837 582 881 loquentium,
607 836 823 870 cauteriatam
838 837 1035 870 habentium
1051 850 1136 869 con—

0 898 182 938 scientiam,
205 899 465 944 prohibentium
489 899 630 938 nubere,
656 907 687 930 et
710 899 951 932 abstinentium
986 912 1020 931 se
1045 913 1061 931 a
1090 898 1137 931 ci-

0 960 60 1000 bis,
84 974 170 1005 quos
195 961 288 993 Deus
316 962 469 994 creavit.¹‘
506 960 566 993 Est
590 972 668 1001 ergo
695 969 727 992 et
741 959 776 1004 ⁵)
802 962 882 993 falsa
898 962 980 994 fides
1005 973 1138 1000 eorum,

0 1022 59 1067 qui
83 1022 192 1061 „circa
208 1021 244 1066 5)
269 1023 371 1055 fidem
395 1023 721 1062 naus1-agaverunt:“
753 1031 801 1055 est
833 1032 865 1055 et
896 1023 977 1055 falsa
999 1021 1135 1066 sapien-

0 1084 53 1123 tia,
78 1083 177 1129 hujus
189 1082 223 1127 ⁷)
242 1084 371 1117 scilicet
386 1084 558 1123 „mundi‚“
583 1093 614 1116 et
633 1083 850 1128 „principum
866 1082 965 1130 hujus
981 1083 1136 1124 mundi‚“

3 1158 89 1190 quae
114 1146 312 1178 destruetur.
350 1145 446 1177 Sicut
472 1145 560 1177 enim
587 1144 764 1189 pirataefl)
790 1147 901 1179 solent
925 1146 960 1178 in
987 1145 1074 1178 mari
1097 1145 1134 1178 in

0 1208 81 1240 locis
105 1207 236 1239 vadosis
261 1206 469 1250 occultisque
492 1206 642 1250 scopulis
666 1219 727 1251 per
744 1208 930 1240 obscurum
949 1207 1058 1241 noctis
1082 1208 1136 1240 lu·-

0 1282 76 1301 men
105 1270 300 1309 accendere,
332 1281 400 1312 quo
432 1269 622 1308 navigantes
657 1270 719 1301 sub
752 1281 812 1313 spe
840 1269 1059 1310 confugiendi
1090 1271 1135 1303 ad

0 1339 136 1375 portum
161 1329 294 1368 salutis,
325 1330 368 1361 ad
398 1328 573 1369 naufragia
604 1329 805 1373 perditionis
834 1330 992 1364 invitent:
1025 1331 1069 1364 ita
1103 1340 1135 1364 et

0 1392 80 1425 istud
106 1393 221 1424 lumen
246 1392 350 1424 falsae
370 1390 553 1434 sapientiae
579 1392 629 1423 vel
653 1393 756 1424 salsae
779 1391 858 1425 fidei
881 1406 899 1425 a
921 1392 1135 1437 principibus

0 1453 119 1487 mundi
144 1463 175 1486 et
197 1453 368 1498 spiritibus
393 1452 477 1485 aiiris
502 1451 601 1498 hujus
623 1454 831 1493 accenditur,
855 1467 927 1486 non
951 1467 1014 1498 per
1037 1454 1134 1498 quod

0 1518 151 1555 evadant,
174 1517 233 1548 scd
257 1529 319 1560 per
342 1515 437 1559 quod
462 1523 603 1558 pereant
626 1515 783 1548 homines
797 1515 919 1548 mundi
943 1514 1043 1560 hujus
1067 1516 1135 1548 ssu-

0 1587 69 1610 ctus
94 1586 125 1610 et
147 1577 234 1609 vitae
257 1577 395 1620 pelagus
419 1575 620 1617 navigantes.
665 1577 720 1609 De
746 1577 806 1615 his,
831 1577 1016 1621 opinor,⁹)
1040 1577 1132 1621 pira-

0 1638 36 1672 tis
61 1639 196 1671 dicebat
220 1647 252 1670 et
275 1638 363 1671 Job:
389 1637 615 1681 „sagittae¹⁰)
645 1638 833 1683 piratarum
859 1636 930 1681 ejus
953 1650 1056 1681 super
1076 1650 1134 1671 me

92 1777 125 1821 ¹)
151 1776 242 1810 Editi
279 1776 327 1821 (v.
352 1789 379 1810 c.
407 1777 482 1809 edd.
507 1776 593 1815 MJ:
624 1776 691 1816 „Et
719 1786 805 1822 puto
828 1777 968 1811 illorum
994 1798 1035 1803 —
1060 1791 1134 1811 rna-

0 1822 54 1864 gis,
78 1836 180 1867 quam
205 1823 318 1855 fidem.
366 1822 481 1855 Sicut“
507 1831 567 1854 etc.
594 1822 634 1854 R.

89 1880 103 1898 2
334 1881 352 1897 ιι
376 1878 384 1884 ”
505 1903 512 1912 .
559 1877 584 1912 Ι.

88 1879 127 1978 ³3
150 1877 631 1977 lP3set··‹is¹i1.„((:2tlXIII7iid(dC5]'iIII.)

90 1989 127 2034 ⁴²)
153 1990 166 2021 I
192 1989 343 2023 Timoth.
368 1989 426 2029 IV,
451 1991 481 2023 1.
505 1990 536 2022 2.
560 1990 591 2023 3.

91 2044 127 2089 5)
151 2045 318 2078 Merlinus
355 2046 434 2090 (cfr.
468 2046 520 2078 ed.
552 2045 601 2078 Μ.
631 2043 693 2089 ΙΙ.)
723 2053 755 2078 et
787 2043 1049 2080 Genebrardus:
1081 2055 1135 2086 „et

3 2089 56 2124 illa
78 2091 162 2124 fides
188 2095 328 2123 eorum“
354 2100 413 2123 etc.
440 2090 544 2123 'Malea
573 2090 613 2122 R.

90 2146 127 2189 ⁶)
152 2146 167 2178 I
192 2146 343 2179 Timoth.
367 2146 393 2186 I,
418 2147 470 2182 19.
565 2147 600 2190 ⁷)
625 2147 640 2179 I
667 2146 746 2180 Cor.
771 2147 813 2187 II,
837 2147 869 2181 6.

89 2200 126 2245 8)
151 2202 215 2234 Ed.
240 2201 290 2235 M.
314 2201 338 2233 I.
362 2201 475 2247 itemq.
498 2204 550 2236 ed.
575 2203 682 2236 Ruaei
708 2212 918 2236 constanter:
941 2213 1090 2250 pyratae.

88 2257 125 2302 9)
150 2258 238 2291 Edd.
263 2257 416 2291 Mserlini:
442 2268 478 2292 ut
503 2258 639 2303 opinor.
737 2258 794 2304 ¹⁰)
820 2258 891 2292 Csr.
917 2258 997 2292 Joh.
1023 2259 1081 2303 VI,
1104 2259 1136 2296 4,

0 2317 177 2368 *Omonms
201 2319 337 2353 OPERA.
363 2319 458 2354 ΤοΜ.
483 2320 556 2354 VII.
868 2320 915 2355 25
