1377 2454
185 114 231 149 98
433 112 612 148 Omenms
635 123 673 148 m
697 112 760 148 Ep·
780 122 828 148 An
855 114 1035 149 RomAnos

186 202 424 249 „quoniam¹)
455 213 489 238 et
520 203 611 249 ipsa,
640 204 770 250 inquit,
804 214 956 237 creatura
989 204 1192 239 liberabitur
1216 218 1234 239 a
1257 219 1328 240 ser-

187 265 292 299 vitute
316 265 564 311 corruptionis,
597 265 631 299 in
664 266 855 299 libertatem
887 266 1015 309 gloriae
1046 267 1197 300 filiorum
1229 268 1330 301 Dei.“

187 327 291 372 Ait²)
319 337 431 361 autem
462 327 590 361 Paulus
621 327 706 361 scire
735 341 771 361 se
797 336 830 360 et
853 327 977 361 similes
1000 327 1082 369 sibi,
1115 329 1277 374 quoniam
1291 330 1330 373 ³)

185 389 319 430 „omnis
344 399 497 423 creatura
522 389 789 432 congemiscit⁴)
814 398 846 422 et
865 390 1029 423 condolet
1051 403 1160 435 usque
1184 392 1328 430 adhuc,“

184 452 247 492 vel,
271 461 310 484 ut
332 451 368 485 in
392 451 464 485 aliis
480 452 625 484 habetur
641 450 904 496 exemplaribus:
930 451 1170 494 „congemiscit
1194 462 1227 485 et
1247 465 1327 497 par-

183 513 266 546 turit
296 526 405 558 usque
441 514 584 547 adhuc.“
640 512 901 556 Congemiscere
930 522 1043 547 autem
1076 522 1107 546 et
1140 514 1327 547 condolere

184 585 233 608 est
257 589 335 609 cum
360 574 428 608 alio
455 576 594 608 dolente
619 575 670 608 vel
695 583 846 617 gemente
863 587 1006 617 gemere,
1031 577 1082 609 vel
1107 575 1236 616 dolere,
1260 577 1327 609 hoc

185 647 243 677 est,
270 651 347 670 cum
384 637 455 682 ipse
489 636 628 681 quidem
658 650 792 670 causam
818 636 975 680 gemendi
999 650 1073 670 non
1098 638 1237 676 habeat,
1273 638 1326 670 vel

183 699 334 739 dolendi,
359 698 461 741 gemit
485 707 598 731 tamen
621 711 687 743 pro
713 712 765 738 eo,
791 698 848 743 qui
874 712 1009 731 causam
1034 700 1136 732 habet
1159 699 1327 742 gemendi,

181 761 234 793 vel
260 760 411 794 dolendi.
460 761 536 794 Hoc
568 769 681 793 autem
714 759 795 793 dicit
830 761 942 793 facere
970 771 1159 794 creaturam
1183 774 1248 806 pro
1275 774 1329 802 co,

184 823 278 867 quod
303 822 440 855 vanitati
467 820 618 867 subjecta
644 831 702 863 est,
727 821 806 854 etin
826 821 985 855 servitute
1007 822 1236 867 corruptionis
1260 836 1325 868 po-

180 883 289 927 sita⁵)
315 893 372 917 est.
418 884 523 923 Haec,
550 893 716 928 quantum
742 883 784 916 ad
809 879 913 928 ipsius
948 884 1135 929 Apostolici
1159 884 1326 918 sermonis

182 945 339 979 ordinem
363 944 520 990 pertinet,
545 946 721 990 explanata
745 944 821 978 sint.
868 946 969 978 Nunc
997 955 1187 991 repetentes
1212 947 1324 979 discu-
1344 976 1347 980 .

179 1006 302 1041 tiamus
325 1006 498 1046 intentius,
522 1019 609 1051 quae
633 1016 682 1040 est
704 1006 766 1040 ista
789 1006 928 1047 vanitas,
953 1007 1007 1040 cui
1023 1017 1177 1041 creatura
1202 1007 1326 1041 (licitur

184 1081 255 1102 esse
279 1067 448 1114 subjecta;
473 1077 506 1100 et
531 1081 618 1113 quae
642 1077 691 1101 est
714 1067 776 1100 ista
800 1068 995 1113 corruptio,
1032 1070 1076 1102 de
1102 1068 1198 1116 cujus
1221 1070 1325 1104 servi-

178 1140 252 1164 tute
286 1129 499 1163 liberandam
530 1142 565 1162 se
597 1138 719 1173 sperat.
765 1129 853 1162 Mihi
877 1130 1027 1170 videtur,
1060 1131 1155 1175 quod
1191 1133 1234 1165 de
1263 1132 1325 1165 hac

178 1191 345 1226 materiali
368 1201 402 1225 et
425 1190 640 1236 corruptibili
655 1191 689 1234 ⁶)
724 1191 878 1236 corporis
910 1192 1095 1226 substantia
1121 1193 1182 1226 ista
1206 1193 1324 1227 dican-

180 1263 247 1292 tur,
294 1255 417 1299 Neque
442 1252 532 1286 enim
569 1251 746 1297 corruptio
781 1252 886 1297 alii7)
914 1253 1072 1299 cuiquam
1097 1254 1160 1288 nisi
1185 1255 1323 1301 corpori

178 1315 386 1349 dominatur.
431 1315 521 1348 Nam
545 1313 604 1347 ille
627 1313 770 1347 interior
783 1315 900 1355 homo,
927 1316 985 1361 qui
999 1318 1188 1351 secundum
1208 1317 1321 1350 Deum

178 1387 309 1411 creatus
336 1386 394 1416 est,
420 1385 452 1409 et
475 1376 518 1409 ad
543 1374 724 1418 imaginem
747 1377 815 1409 Dei
840 1379 957 1417 factus,
981 1378 1249 1423 incorruptibilis
1274 1389 1324 1412 est

179 1448 211 1472 et
234 1438 419 1478 invisibilis,
444 1447 477 1470 et
501 1438 690 1471 secundum
714 1438 891 1483 propriam
911 1439 1012 1484 sui⁸)
1028 1440 1194 1473 rationem
1219 1440 1320 1474 etiam

177 1500 403 1545 incorporeus
435 1499 502 1533 dici
531 1508 653 1544 potest.
708 1499 868 1533 Exterior
898 1514 980 1533 vero
1005 1502 1111 1534 homo
1137 1502 1218 1545 et9)
1241 1516 1319 1535 cor-

176 1576 302 1607 poreus
335 1571 368 1595 et
399 1560 631 1606 corruptibilis
665 1561 806 1595 dicitur:
836 1572 979 1607 propter
1010 1564 1105 1608 quod
1135 1573 1168 1597 et
1191 1564 1319 1597 Paulus

272 1678 306 1721 ¹)
331 1678 432 1713 Rom.
456 1678 545 1717 VIll,
569 1679 623 1713 21.
649 1697 690 1704 -
708 1677 798 1711 Edd.
814 1678 970 1713 Merlini:
999 1679 1172 1724 quoniam,
1196 1680 1318 1725 inquit,

176 1733 210 1756 et
233 1723 303 1769 ipsa
328 1733 480 1756 creatura
507 1732 568 1756 etc.

213 1825 234 1857 ‘l
268 1779 306 1822 ²)
329 1780 420 1813 Edd.
450 1778 609 1812 Merlini:
641 1778 699 1813 Ait
730 1789 844 1813 autem
874 1779 959 1813 scire
989 1793 1024 1813 se
1056 1780 1183 1815 Paulus
1216 1791 1249 1814 et
1272 1782 1316 1815 si—

174 1839 221 1859 mi
239 1838 271 1858 es
297 1834 357 1857 etc.

268 1881 306 1925 ³)
330 1881 433 1914 Rom.
456 1880 548 1919 VIII,
572 1881 626 1914 22.

267 1937 304 1982 ⁴)
328 1937 418 1971 Edd.
443 1936 599 1969 Merlini:
625 1936 812 1979 ingemiscit
837 1947 869 1970 ct
895 1938 1059 1971 condolet
1084 1947 1145 1970 etc.

268 1994 305 2036 ⁵)
328 1993 416 2027 Edd.
439 1992 597 2026 Nlerlini:
623 2002 672 2026 est
692 1992 812 2038 posita.

265 2049 303 2094 ὅ)
327 2050 391 2082 Ed.
417 2049 464 2083 M.
489 2049 541 2082 lI:
566 2048 807 2094 corruptibilis.

267 2106 303 2150 ⁷)
326 2104 420 2139 Editi
443 2105 489 2149 (e.
516 2118 542 2138 c.
566 2105 643 2138 edd.
668 2105 758 2150 M.):
783 2105 904 2145 „alicui
920 2105 1136 2152 quicquam.“
1155 2106 1255 2140 Male.
1274 2109 1312 2140 R.

264 2161 302 2206 Β)
325 2160 418 2193 Editi
455 2161 509 2205 (v.
545 2174 572 2193 c.
612 2159 689 2203 85](1.
728 2161 821 2205 ΜΛ)
866 2161 1070 2207 „propriam
1105 2161 1169 2195 sibi
1208 2162 1311 2195 ratio-

170 2210 271 2241 nem“
295 2215 355 2240 etc.
378 2206 420 2239 R.

264 2261 301 2306 ⁹)
326 2260 419 2294 Editi
442 2261 489 2305 (c.
514 2274 540 2295 c.
566 2262 643 2295 edd.
668 2260 738 2306 Μ.)
761 2274 960 2307 perperam:
986 2272 1040 2304 „et
1061 2276 1208 2308 corpore
1233 2276 1308 2296 cor-

172 2307 361 2352 ruptibilis“
385 2315 446 2340 etc.
470 2307 510 2340 R.
