1320 2444
286 88 640 123 COMMENTARIORUM
662 89 737 123 Lm.
761 89 822 123 IX.
1063 92 1132 127 367

3 180 122 227 quibus
146 177 303 212 discernit
334 188 366 212 ct
401 187 498 224 putat
534 192 606 212 non
649 179 770 220 licere,
804 179 1133 225 comkmnabilis')

1 256 78 276 usus
106 249 162 274 est.
213 239 307 284 „Qui
320 241 357 285 ²)
381 240 472 274 enim
497 240 667 280 discernit,
692 242 720 274 si
743 242 1010 282 manducaverit,
1035 243 1132 276 dam-

0 312 96 336 natus
121 305 199 336 est.“
245 301 353 345 Quod
377 302 403 334 si
427 301 546 341 facias,
568 311 606 334 tu
629 303 746 346 utique
771 304 910 336 fratrem
930 312 1026 336 tuum
1053 317 1133 348 per-

0 364 59 404 dis,
81 377 145 410 pro
159 363 196 407 ³)
218 376 309 408 „quo
342 362 495 396 Christus
525 372 682 397 mortuus
715 368 792 402 est,“
824 374 857 398 et
885 373 922 397 tu
955 365 985 397 ei
1018 379 1132 398 causas

0 424 195 470 perditionis
220 424 372 469 acquiris.
419 424 691 466 Magnificentius
715 435 826 458 autem
838 425 875 470 4)
901 426 943 458 de
967 425 1017 459 his
1040 427 1132 459 idem

0 485 122 519 Paulus
146 486 189 518 ad
215 485 431 520 Colossenses
454 486 603 519 scribens
621 486 717 519 dicit:
745 501 868 526 „nemo
883 487 919 532 ⁵)
935 487 1049 533 itaque
1073 502 1133 521 vos

0 545 123 592 judicet
144 547 180 580 in
205 560 298 587 esea,
329 556 386 579 aut
414 547 449 580 in
474 556 578 592 potu,
610 556 667 580 aut
697 548 732 580 in
756 558 852 592 pai-te
876 548 943 582 diei
966 549 1050 589 festi,
1075 559 1133 582 aut

0 607 197 650 neomeniis,
223 618 281 642 aut
303 609 465 642 sabbato:
490 622 575 653 quae
589 618 667 642 sunt
684 611 804 643 umbra
823 612 1028 650 futurorum,
1053 624 1130 643 cor-

0 683 60 714 pus
93 680 203 703 autem
230 670 366 703 Christi.
412 670 523 703 Nemo
555 684 614 703 vos
644 673 783 705 seducat
816 673 933 704 volens
957 671 993 704 in
1017 672 1131 704 humi-

0 732 87 765 litate
112 732 224 765 cordis
256 741 289 764 et
318 731 481 773 religione
500 733 718 773 angelorum,
749 746 852 776 quam
866 732 903 777 ὃ)
936 746 1008 765 non
1039 733 1133 772 vidit,

0 794 158 827 extollens
181 806 233 833 se,
267 795 390 826 frustra
422 792 606 837 inflatus⁷)
639 807 657 826 a
690 804 803 826 mente
837 793 945 827 carnis
969 808 1065 834 suae,
1100 803 1133 826 et

0 868 70 887 non
95 864 210 889 tenens
236 859 378 900 caput:“
404 864 436 888 et
451 864 528 900 post
551 868 676 900 pauca:
701 855 796 899 „si⁸)
812 868 889 897 ergo
915 857 1043 889 mortui
1058 857 1131 889 estis

0 930 72 950 cum
100 916 235 951 Christo
268 918 310 950 ab
344 917 515 950 elementis
540 917 677 956 mundi,
711 917 793 961 quid
807 917 843 961 ⁹)
872 918 963 950 velut
986 917 1132 951 viventes

0 977 30 1011 in
55 978 122 1011 hoe
145 980 278 1011 mundo
304 978 524 1011 decernitis?“
579 978 679 1018 „„Ne
695 978 753 1023 ¹⁰>
778 978 930 1020 tetigeris,
954 991 998 1011 ne
1022 990 1132 1020 gusta-

0 1040 91 1079 veris,
114 1052 158 1072 ne
183 1039 429 1073 attaminaveris
439 1039 467 1072 2²⁴
477 1043 497 1058 ‘⁸
520 1052 629 1084 „quae
643 1049 722 1073 sunt
735 1039 849 1073 omnia
874 1040 909 1073 in
935 1041 1131 1085 corruptio—

0 1114 74 1134 nem
98 1101 172 1146 ipso
199 1115 271 1141 usu,
294 1103 482 1135 secundum
496 1111 676 1145 praecepta
696 1111 727 1134 et
741 1102 911 1135 doctrinas
931 1101 1130 1135 hominum:

0 1176 83 1207 quae
106 1173 184 1196 sunt
207 1162 373 1195 rationem
400 1162 537 1206 quidem
563 1163 720 1195 habentia
734 1164 919 1208 sapientiae
936 1163 971 1196 in
987 1163 1043 1207 ¹¹)
1069 1164 1132 1195 ob-

0 1225 184 1258 servatione
207 1224 388 1265 religionis,
414 1232 445 1256 et
470 1223 659 1257 humilitate
683 1238 744 1269 per
771 1225 980 1258 vexationem
1006 1238 1131 1269 corpo-

0 1285 58 1326 ris,
88 1299 162 1319 non
188 1285 224 1319 in
256 1286 390 1318 honore
421 1284 536 1329 aliquo
570 1287 613 1319 ad
643 1287 848 1320 saturitatem
875 1285 1015 1319 carnis.“
1077 1286 1132 1318 De

90 1457 125 1501 ¹)
148 1456 227 1489 Mss.
252 1456 426 1501 plerique,
452 1457 631 1494 Rabanus,
655 1466 685 1489 et
710 1456 788 1489 editi
813 1455 860 1501 (v.
886 1470 914 1491 c.
940 1459 1017 1491 edd.
1044 1457 1129 1501 Μ..)

0 1501 289 1541 ,contaminabilis
314 1517 390 1536 usus
416 1512 471 1536 est
474 1507 493 1521 ‘⁴
518 1503 587 1535 Sed
612 1503 736 1535 rectim
760 1501 892 1535 videtur
915 1503 1015 1536 lectio
1042 1504 1129 1536 (jod.

0 1547 75 1588 Reg.
100 1560 193 1579 num.
218 1546 315 1581 1639.
340 1547 634 1587 „condemnabilis
658 1561 736 1580 usus
762 1557 817 1579 est
822 1551 840 1566 ‘⁴
864 1548 906 1581 R.

87 1602 125 1646 2)
150 1602 249 1635 Rom.
273 1603 366 1643 XIV,
390 1604 444 1638 23.
539 1602 576 1647 ³)
603 1603 701 1637 Rom.
726 1604 820 1642 XIV,
845 1604 896 1637 15.

87 1657 124 1703 ¹²)
148 1658 239 1693 Edd.
264 1659 421 1691 Merlini:
446 1667 557 1691 autem
582 1658 674 1691 idem
698 1659 824 1693 Paulus
850 1660 892 1691 de
917 1660 966 1694 his
990 1661 1031 1693 ad
1061 1660 1130 1693 Co-

0 1705 156 1738 lossenses
184 1713 244 1736 etc.

87 1760 123 1802 ⁵)
149 1759 280 1793 Coloss.
303 1758 345 1798 ll,
371 1759 422 1792 16.
447 1759 500 1791 17.
525 1757 577 1792 18.
604 1759 656 1793 19.

87 1816 123 1859 ⁶)
147 1816 236 1849 Edd.
260 1815 416 1848 Merlini:
440 1819 579 1858 ‚,quae.“
606 1814 675 1847 Csr.
703 1816 831 1850 coloss.
857 1817 898 1856 H,
922 1817 974 1850 18.

87 1871 123 1915 7)
149 1872 205 1905 Sic
230 1871 311 1906 Msc.
336 1872 417 1912 Reg.
448 1884 541 1903 num.
574 1871 672 1906 1639.
728 1871 774 1905 Ita
801 1873 899 1906 etiam
925 1874 1025 1906 ceteri
1051 1874 1128 1906 Mss.

0 1917 119 1950 omisso
153 1922 221 1956 „a.“
267 1916 360 1949 Editi
391 1916 439 1961 (v.
478 1930 506 1949 c.
532 1917 608 1950 edd.
633 1916 718 1960 M.):
755 1916 910 1957 „inflatus
933 1933 1031 1951 sensu
1058 1933 1131 1952 car-

0 1961 45 1996 nis
68 1967 178 1995 suae.“
202 1962 242 1995 R.

86 2017 123 2060 ⁸)
149 2017 280 2051 Coloss.
307 2017 349 2057 II,
372 2019 532 2053 20—23.

88 2073 124 2110 9>)
149 2072 524 2117 Edd.]vler1i011quid
552 2074 663 2107 adhuc
689 2082 849 2119 tanquam
875 2075 1019 2108 viventes
1046 2084 1106 2108 etc

68 2128 124 2169 ¹⁰)
150 2129 196 2161 Ita
222 2129 299 2162 Mss
332 2130 494 2173 plerique.
527 2130 617 2162 Editi
643 2143 722 2163 vero
748 2130 797 2174 (v
822 2144 848 2163 c
876 2132 951 2163 edd.
978 2130 1063 2174 Μ),
1101 2141 1132 2163 et

0 2173 78 2206 Mse.
105 2172 183 2213 Reg.
208 2187 300 2207 num.
325 2175 422 2209 1639.
470 2176 541 2215 „Ne
565 2176 750 2217 tetigeritis,
775 2189 818 2208 ne
842 2176 1062 2216 gustaveritis,
1088 2190 1131 2209 ne

0 2219 287 2252 attaminaveritis“
313 2230 372 2252 etc.
397 2219 436 2252 R

66 2273 123 2317 ¹¹)
146 2274 234 2307 Edd.
260 2275 415 2308 Merlini:
440 2275 476 2310 in
499 2276 710 2311 observantia
734 2276 906 2318 religionis
929 2286 988 2310 etc.
