1377 2454
195 50 241 86 62
441 50 618 85 ORIGENIS
642 61 679 85 m
704 52 765 85 Ep,
786 61 833 86 An
861 52 1038 87 Rommos

194 142 370 184 designans
396 141 500 174 dicat:
534 142 667 186 ,‚ego‘)
690 142 799 187 ipsc:“
824 143 911 186 ut2)
936 143 1101 184 ostendat,
1125 145 1219 185 haec,
1245 159 1331 190 quac

193 205 337 238 dicenda
362 213 450 243 sunt,
475 205 518 237 nd
543 218 576 237 se
600 203 710 249 ipsum
736 204 827 237 idem
845 204 1032 249 Apostolus
1048 206 1228 250 pertinere.
1266 208 1330 240 Di-

193 266 237 300 cit
261 276 390 305 autem,
424 265 502 310 quia
526 275 640 299 niente
664 267 783 299 serviat
807 267 870 309 legi
892 267 975 307 Dei,
1006 280 1106 300 carne
1131 279 1243 302 :nutem
1267 270 1331 312 legi

191 329 331 374 peccati,
356 328 451 372 quasi
475 338 566 360 tanta
600 328 640 361 sit
664 328 828 373 peccandi
861 329 925 368 vis,
960 338 1053 362 tanta
1085 331 1192 363 carnis
1217 341 1334 377 tyran-

190 391 253 431 nis,
278 389 429 435 quam3)
452 404 515 422 nec
537 391 724 434 Apostolus
749 391 854 435 possit
880 392 1046 433 essugere3
1066 401 1097 424 et
1109 391 1146 437 ⁴)
1171 403 1331 438 propter-

191 466 228 486 ea
254 452 289 485 in
314 452 386 485 aliis
411 451 540 490 dixerit,
566 452 644 496 quia
673 466 829 491 „macero
845 453 880 495 ⁵)
906 466 1029 498 corpus
1054 467 1180 494 meum,
1205 463 1238 487 et
1261 468 1331 488 ser-

189 514 285 547 vituti
311 512 464 558 subjicio,
489 528 533 546 ne
558 515 655 552 sorte,
683 528 759 546 cum
785 514 856 547 aliis
881 515 1157 559 praedicaverim,
1182 516 1253 561 ipse
1277 530 1331 549 re—

188 577 319 619 probus
346 575 505 608 efficiarJ‘
552 576 621 609 Sed
648 576 729 608 haec
764 576 820 620 qui
858 590 895 608 ex
919 590 1066 621 persona
1091 578 1250 622 Apostoli
1274 592 1330 610 nc-

189 637 271 681 cipit
311 637 416 677 dicta,
458 637 731 681 desperationem
766 637 849 670 mihi
882 638 1014 671 videtur
1050 639 1204 672 incutere
1237 640 1330 673 omni

187 699 331 738 animae,
357 700 450 743 quod
474 712 575 730 nemo
601 698 643 730 sit
665 712 813 743 prorsus,
841 701 897 744 qui
923 714 994 732 non
1017 711 1134 745 peccet
1160 701 1194 733 in
1219 715 1330 735 carne.

188 761 315 805 Hocf’)
355 769 403 792 cst
443 759 533 792 enim
571 772 670 792 carne
695 761 818 793 servire
842 761 906 804 legi
931 763 1071 807 peccati.
1134 763 1222 797 Mihi
1248 777 1328 805 ergo

186 822 292 865 magIs
317 821 449 854 videtur
480 821 568 853 illius
606 822 716 854 adhuc
742 831 857 855 tenere
881 837 1074 867 personam,
1102 838 1204 869 quam
1229 838 1330 869 supra

186 886 222 918 in
247 893 353 917 semet
376 883 450 927 ipso
478 883 662 927 descripsit,
677 883 712 927 ⁷)
739 883 833 927 quasi
857 886 1033 918 voluntale
1056 886 1124 933 jann
1142 896 1175 919 et
1198 900 1329 932 propo-

185 947 250 980 sito
276 947 319 979 ad
342 945 486 978 meliora
511 944 682 984 conversi,
717 954 749 977 et
780 955 893 978 mente
927 957 1029 991 atquc.
1067 947 1182 981 animo
1216 948 1331 993 legiss)

185 1009 253 1042 Dei
278 1006 460 1045 servientis,
486 1007 642 1038 nondum
670 1016 782 1039 tamen
803 1007 837 1039 id
852 1007 1056 1049 obtinuisse,
1074 1019 1114 1042 ut
1131 1009 1231 1042 etiam
1256 1023 1330 1042 car-

185 1071 237 1104 nis
263 1068 493 1103 obedientiam
532 1068 565 1100 in
580 1067 615 1111 9)
652 1080 855 1101 consensum
879 1069 1001 1101 mentis
1027 1070 1221 1104 adduceret.
1268 1072 1330 1104 Et-

186 1133 276 1167 enim
303 1131 467 1177 quoniam
492 1130 527 1162 in
553 1129 786 1174 superioribus
812 1131 855 1163 de
886 1130 1151 1164 mortificatione
1176 1133 1330 1177 corporis

186 1195 405 1232 disseruerat,
439 1202 471 1225 et
497 1192 633 1225 Christo
661 1192 962 1225 commoriendum
995 1207 1064 1226 esse
1090 1194 1270 1233 docuerat,
1293 1193 1329 1226 in

184 1257 235 1290 his
260 1269 362 1295 nunc,
388 1269 490 1299 quam
515 1268 587 1287 non
613 1254 654 1287 sit
680 1254 828 1287 otiosum
854 1256 919 1288 lioc
946 1268 1042 1300 opus,
1067 1255 1200 1288 videtur
1216 1265 1330 1288 osten·

185 1321 276 1358 (lere,
304 1327 335 1350 et
361 1318 502 1357 docere,
538 1316 616 1361 quia
641 1330 712 1348 non
737 1316 864 1356 statim,
900 1326 938 1349 ut
970 1318 1041 1349 vult
1066 1317 1205 1361 aliquis,
1236 1326 1268 1349 et
1291 1326 1331 1350 ut

184 1378 405 1425 proposuerit
428 1379 570 1418 bonum,
598 1377 761 1410 continuo
788 1378 887 1410 etiam
913 1380 1003 1412 sacto
1029 1379 1246 1423 adimpletur,
1270 1379 1330 1411 sed

183 1443 236 1475 vel
270 1440 524 1474 consuetudinis
556 1450 648 1472 tauta
681 1439 745 1480 vis,
780 1441 830 1473 vel
863 1440 1023 1473 vitiorum
1054 1450 1146 1474 tanta
1180 1440 1328 1473 dulcedo

279 1537 314 1581 ¹>
338 1536 439 1568 Rom.
464 1536 540 1575 vu,
563 1536 617 1570 25.

277 1593 314 1636 ²)
341 1592 432 1624 Alias
463 1592 509 1636 (ν.
542 1605 569 1624 c.
603 1591 639 1624 in
677 1592 754 1625 edd.
778 1591 865 1636 M.):
902 1601 961 1632 „ut
987 1592 1142 1625 ostendat
1166 1592 1250 1624 haec
1275 1590 1327 1624 di-

183 1638 268 1672 xisse
293 1639 352 1683 (al.
381 1639 471 1670 deest
499 1636 664 1681 dixisse)
688 1638 730 1669 ad
745 1650 780 1670 se
803 1637 915 1681 ipsum
931 1638 1022 1670 idem
1039 1637 1224 1681 Apostolus
1249 1649 1327 1680 per—

183 1685 322 1717 tinere.“
373 1683 478 1715 Alias:
504 1692 562 1724 „ut
587 1684 743 1715 ostendat
768 1684 859 1722 haec,
890 1696 976 1726 quae
1002 1683 1146 1715 dicenda
1170 1691 1258 1721 sunt,
1283 1682 1327 1714 ad

183 1743 218 1763 se
241 1729 364 1774 ipsum,
388 1729 422 1760 id
450 1739 508 1768 est,
533 1729 576 1760 ad
606 1729 822 1772 Apostolum,
847 1727 1050 1772 pertinere.“
1076 1728 1116 1762 R.

275 1786 311 1829 3)
338 1785 427 1817 Edd.
452 1784 610 1817 Mei-lini:
638 1786 741 1828 quod.

275 1841 313 1885 ¹²)
336 1841 430 1873 Editi
455 1841 502 1884 (v.
533 1854 559 1873 c.
595 1842 673 1878 edd,
699 1840 787 1885 Μ.);
818 1850 871 1880 „et
902 1850 1083 1885 propterea
1117 1840 1153 1873 in
1179 1840 1251 1873 aliis
1275 1840 1327 1874 di-

183 1885 244 1920 xit:
269 1899 404 1918 macero
432 1899 555 1929 corpus
580 1890 716 1918 meum“
743 1895 803 1918 etc.
827 1887 869 1919 R.
1305 1916 1317 1927 ,

276 1943 312 1987 ⁵)
338 1944 352 1975 I
380 1942 459 1975 Cor.
483 1942 544 1981 IX,
569 1942 621 1977 27.

275 1999 312 2043 ⁶)
337 1998 430 2031 Editi
456 1997 502 2042 (v.
530 2011 555 2029 c.
583 1998 658 2030 edd.
683 1996 770 2042 M.):
795 1997 894 2037 „Hoc
921 2006 968 2030 cst
993 1997 1083 2030 enim
1107 1996 1231 2031 servire
1252 2010 1325 2030 car-

182 2057 262 2077 nem
287 2045 351 2087 legi
375 2042 537 2088 peccastf‘
560 2042 662 2075 Male.
688 2043 728 2076 R.

278 2100 313 2144 ⁷)
337 2101 425 2134 Edd.
449 2098 606 2132 Merlini:
633 2098 801 2131 describit.

275 2156 311 2201 5)
338 2156 429 2189 Alias
454 2157 498 2198 (v.
524 2169 549 2187 c.
574 2155 609 2187 in
637 2156 713 2187 edd.
737 2154 824 2199 M.):
857 2154 943 2198 „legi
969 2154 1201 2196 deservientis,
1234 2169 1324 2189 non-

181 2203 265 2235 dum
290 2212 406 2235 tamen
429 2201 474 2234 ita
501 2200 718 2240 obtinuisse,“
744 2209 804 2233 etc.
830 2201 870 2233 R.

276 2257 312 2303 ⁹)
341 2258 449 2292 Alias:
475 2257 531 2299 „in
557 2271 723 2291 consensu
748 2256 890 2290 mentis“
918 2265 980 2292 etc.
1004 2257 1043 2290 R.
