1377 2454
187 87 255 121 220
457 85 632 119 Omenms
656 95 694 120 m
717 85 778 119 Er.
803 93 851 119 An
868 65 1054 121 'Rommos

185 175 286 220 „quia
302 175 335 218 ¹)
359 174 467 208 vidisti
491 189 556 216 me,
585 175 705 220 inquit,
731 176 919 210 credidisti:
943 177 1033 210 beati
1045 177 1082 222 ²)
1104 191 1176 211 non
1200 177 1318 211 viden-

184 246 233 270 tes
259 247 291 269 et
318 238 522 270 credentes.“
559 237 673 270 Omne
694 237 730 281 3)
748 251 825 280 ergo
851 239 1002 278 verbum,
1028 240 1122 283 quod
1150 241 1317 284 Apostoli,

185 309 218 332 et
243 299 269 332 si
294 299 352 343 qui
376 299 431 331 alii
456 300 498 331 ab
523 299 597 343 ipso
624 309 761 344 accepta
785 299 889 342 gratia
914 301 956 333 de
983 299 1116 333 Christo
1140 301 1316 345 praedica-

183 370 314 400 verunt,
338 362 479 393 verbum
506 360 629 393 Christi
655 375 723 394 esse
747 362 955 406 pronuntiat.
1001 363 1069 395 Sed
1095 371 1127 394 et
1149 362 1183 394 in
1209 363 1315 395 eccle-

183 422 230 455 sia
255 422 281 455 si
307 422 378 467 quis
402 423 610 467 sapientiam,
638 436 723 467 quae
748 436 786 455 ex
812 424 889 456 Deo
917 433 974 463 est,
1000 433 1032 456 et
1052 423 1225 456 veritatem
1249 423 1316 456 Dei

181 484 362 528 loquatur,
387 484 413 516 si
438 484 511 528 quis
536 484 621 516 viam
646 484 730 524 Dei,
759 498 844 529 quae
871 485 1022 518 Christus
1047 495 1104 525 est,
1129 486 1259 524 doceat,
1285 494 1316 517 et

180 544 342 590 justitiam
371 545 441 591 ejus
476 555 635 590 exponat,
669 546 740 579 sine
771 546 877 580 dubio
914 548 1007 591 quod
1034 546 1203 591 loquitur,
1240 559 1314 579 ver-

180 608 266 639 bum
292 607 415 640 Christi
442 617 498 640 est.

269 670 359 709 „Sed
375 671 407 712 4)
436 670 529 702 dico:
561 668 730 713 numquid
761 682 832 702 non
858 669 1062 702 audierunt?
1110 670 1150 702 In
1176 683 1314 702 omnem

180 740 304 763 terram
331 731 427 763 exivit
451 745 553 763 sonus
579 744 716 769 eorum,
743 741 773 763 et
796 729 830 762 in
856 732 938 764 sines
965 731 1056 764 orbis
1080 740 1188 763 terrae
1213 731 1314 764 verba

181 797 334 825 eormnf‘
394 792 517 836 Hoc⁵)
553 793 594 825 de
626 792 763 824 Psalmo
798 801 916 825 octavo
932 794 967 836 ὃ)
1004 792 1135 825 decimo
1175 792 1313 825 assumi—

178 864 250 893 tur,
285 855 345 887 ubi
377 854 439 888 ait:
487 854 626 898 ‚,non⁷)
659 863 736 885 sunt
760 854 934 897 loquelae,
982 867 1093 898 neque
1129 867 1313 894 sermones,

180 916 379 960 quorumg)
404 930 476 948 non
501 916 681 948 audiantur
705 929 802 948 voces
829 928 956 947 eorum.
1016 915 1055 947 In
1081 929 1218 948 omnem
1243 925 1310 948 ter-

176 991 249 1009 ram
276 977 373 1009 exivit
397 991 500 1011 sonus
526 992 662 1016 eorum,
699 987 730 1010 ct
764 977 799 1009 in
833 978 914 1009 sines
948 976 1039 1009 orbis
1068 986 1178 1009 terrae
1209 978 1311 1009 verba

178 1044 331 1071 eorum.“
388 1040 429 1070 In
463 1053 530 1083 quo
564 1039 677 1083 pr09)
710 1038 901 1080 linguarum
928 1047 960 1069 et
984 1051 1180 1070 sermonum
1203 1038 1311 1070 varie-

176 1110 243 1133 tate
271 1101 397 1133 Gentes
415 1100 484 1133 sine
501 1100 607 1132 dubio
633 1099 883 1141 intelliguntur:
911 1109 942 1131 et
964 1099 1095 1139 dicitur,
1122 1100 1199 1144 quia
1215 1100 1310 1143 Apo-

176 1164 344 1195 stolorum
374 1161 497 1195 Christi
523 1161 557 1194 in
584 1175 719 1194 omnem
746 1161 884 1206 quidem
908 1171 1032 1193 terram
1058 1173 1160 1193 sonus
1185 1160 1310 1200 exierit,

174 1223 211 1255 in
235 1225 318 1256 fines
343 1238 422 1256 vero
449 1223 539 1256 orbis
564 1233 673 1256 ter-rae
697 1237 768 1255 non
793 1237 906 1262 sonus,
941 1224 997 1255 sed
1024 1222 1123 1255 verba
1146 1235 1309 1266 pervene-

175 1285 251 1318 rint.
300 1285 405 1328 Quod
436 1286 480 1318 ita
505 1285 645 1326 intelligi
669 1294 797 1329 potest,
830 1284 907 1329 quia
941 1289 1107 1324 „terram“
1134 1283 1308 1328 imperitos

177 1360 330 1391 quosque
355 1357 387 1379 et
410 1347 610 1380 indocibiles
644 1347 797 1380 homines
829 1346 1008 1390 dicat‚¹⁰)
1039 1346 1082 1378 ad
1119 1359 1204 1390 quos
1235 1357 1307 1378 non

270 1440 303 1485 1)
328 1442 389 1474 Ev.
413 1443 536 1474 Joann.
561 1442 642 1480 XX,
667 1442 720 1475 29.

266 1497 302 1541 2)
329 1497 392 1530 Sic.
419 1498 497 1530 Mss.
525 1508 555 1529 et
579 1498 748 1530 Rabanus.
794 1496 887 1529 Editi
910 1509 989 1528 vcro
1016 1497 1062 1538 (e.
1085 1508 1111 1527 c.
1130 1495 1205 1526 edd.
1220 1493 1305 1537 M.):

172 1542 283 1584 „beati
310 1542 366 1586 qui
391 1556 463 1575 non
488 1542 713 1582 crediderunt,
740 1551 771 1574 et
795 1541 1044 1574 crediderunr.“
1066 1540 1106 1571 R.

268 1598 304 1642 3)
329 1599 411 1631 Msc.
437 1600 517 1639 Reg.
541 1612 634 1630 num.
660 1599 756 1632 1639.
783 1608 814 1630 et
838 1597 1013 1629 llabauus:
1062 1596 1200 1635 „Omne
1225 1608 1303 1637 ergo

173 1647 324 1683 verbum,
352 1645 445 1688 quod
470 1643 643 1686 Apostoli,
677 1653 709 1675 et
740 1643 765 1676 si
792 1642 869 1687 qui“
896 1651 954 1674 etc.
1004 1643 1071 1674 Sed
1097 1641 1196 1673 ceteri
1219 1641 1303 1677 IVIss,

172 1701 205 1723 et
230 1690 309 1723 editi
336 1692 381 1734 (e.
407 1703 432 1723 e.
459 1690 534 1721 edd.
558 1689 627 1733 M.)
659 1690 785 1721 habent
816 1687 1044 1732 ‚,Apostolus“
1073 1700 1155 1730 pro:
1186 1687 1302 1730 „Apo-

172 1736 282 1768 stoli.“
306 1736 346 1768 R.
1291 1765 1294 1768 ,

265 1791 301 1835 4)
326 1792 425 1824 Rom.
457 1790 508 1827 Χ,
542 1790 593 1825 18.
633 1790 709 1822 coll.
734 1789 856 1821 Psalm.
880 1788 983 1827 XIX,
1016 1788 1047 1820 4.
1072 1787 1234 1831 (XVIII.)
1261 1806 1301 1812 ·--

170 1837 259 1870 Edd.
286 1835 441 1868 Merlini:
467 1835 658 1880 „Equidem
683 1835 717 1866 in
743 1847 881 1866 ornnem
906 1837 1050 1866 ῖςιϊῐᾱῐῐιιι
1075 1842 1137 1865 ete.

263 1892 299 1936 5)
325 1892 389 1928 Ed,
415 1891 521 1923 Ruaci
546 1891 633 1923 sola:
661 1891 752 1922 Haec
777 1891 818 1922 de
844 1898 904 1921 etc.

263 1947 300 1990 6)
325 1948 414 1978 Edd.
439 1947 597 1979 Mcrlini:
624 1947 757 1978 decimo
783 1955 911 1977 octavo.

263 2003 299 2044 7)
324 2003 447 2035 Psalm.
473 2003 567 2041 XlX,
591 2003 622 2036 3.
646 2003 676 2035 4.
702 2001 865 2045 (XVIII.)

261 2060 298 2103 ⁸)
323 2059 406 2091 BIse.
431 2059 514 2099 Reg,
539 2071 632 2090 num.
657 2058 753 2091 1639.
785 2056 953 2102 (itemque
977 2058 1056 2091 edd.
1081 2057 1165 2101 ΜΗ)
1201 2057 1296 2102 „qui-

168 2108 232 2139 bus
255 2118 327 2138 non
352 2103 554 2136 audiantur“
579 2112 638 2136 ete.

261 2161 298 2204 9)
322 2160 385 2192 Ed.
409 2159 458 2193 M.
484 2159 515 2190 I:
540 2171 623 2202 „pro
648 2158 840 2200 linguarum
866 2167 897 2190 et
909 2158 1066 2191 varietate
1080 2161 1296 2192 sermonum“

170 2215 240 2248 etc„
259 2207 310 2239 ed.
324 2206 373 2237 M.
390 2205 440 2237 II:
464 2217 550 2248 „pro
563 2203 753 2246 linguarum
777 2205 934 2236 varietate
958 2214 989 2236 et
1003 2209 1219 2237 sermonum“
1235 2213 1294 2235 ete.

193 2308 214 2341 d
239 2262 297 2304 ¹⁰)
322 2262 406 2340 ΒΙῙίεο.
431 2273 518 2294 unus
542 2260 622 2303 Reg.
647 2273 740 2293 num.
766 2260 862 2295 1639.
888 2261 989 2294 habet
1012 2259 1180 2301 „indicam
1212 2271 1293 2303 pro:

171 2333 189 2348 ‚,
216 2307 313 2341 icat.“
371 2331 378 2339 .
