1320 2444
128 44 196 80 448
401 42 578 78 Omonms
601 53 638 78 m
664 42 726 78 Ep,
750 52 797 77 An
824 43 1002 79 Rommos

130 144 201 168 met
223 134 298 179 ipso
331 134 433 168 vitam
446 139 475 168 :“
504 135 550 168 ita
579 143 611 167 et
642 134 800 176 gratiam,
824 148 927 179 quam
953 135 1012 169 dat
1035 134 1154 177 Pater,
1182 135 1269 174 hanc

131 206 164 230 et
187 197 295 231 Filius
319 197 386 230 dat.
435 196 621 231 Sciendum
647 209 729 229 sane
751 205 808 238 est,
831 198 927 242 quod
952 210 1066 238 omne,
1090 198 1186 242 quod
1209 198 1272 231 ha-

129 260 213 292 bent
236 258 394 292 homines
419 272 437 292 a
462 259 560 299 Deo,
589 258 691 301 gratia
723 267 778 293 est.
833 259 929 292 Nihil
960 259 1052 292 enim
1083 272 1122 292 ex
1154 259 1271 293 debito

130 321 268 353 habent.
316 320 424 364 „Quis
439 319 473 357 ¹)
499 320 590 353 enim
605 319 702 365 prior
723 320 817 353 dedit
832 320 891 361 illi,
916 330 949 354 ct
970 321 1176 355 retribuetur
1199 320 1272 355 ei?“

131 382 249 416 Gratia
276 394 356 424 ergo
383 391 446 422 est,
481 382 645 427 quicquid
669 382 772 415 hahet
795 383 840 423 is,
874 382 931 428 qui
955 397 1028 417 non
1053 383 1136 422 fuit,
1159 392 1191 416 et
1215 391 1273 422 est,

129 444 302 489 accipiens
340 444 383 477 ab
415 456 474 484 eo,
511 443 570 489 qui
601 456 736 489 semper
759 444 839 486 suit,
864 454 895 478 et
919 454 983 486 est,
1016 454 1048 479 et
1073 444 1135 478 erit
1156 445 1193 478 in
1217 456 1274 478 ae-

128 516 275 540 ternum.

219 569 274 606 39.
298 567 501 612 ‚‚Salutat²)
526 581 584 601 vos
609 566 823 608 Timotheus,
847 564 985 615 adjutor
1008 582 1122 610 meus,
1148 577 1180 602 et
1202 566 1271 601 Lu-

130 630 210 670 cius,
237 640 268 664 et
291 630 410 671 Jason,
436 639 467 663 et
488 629 672 674 Sosipater,
697 630 834 671 cognati
859 630 958 664 meI.“
1011 632 1158 665 Videtur
1188 629 1273 664 mihi

128 694 172 726 de
194 692 274 732 istis,
299 706 385 736 quos
409 691 626 736 sequestravit
657 692 700 724 ab
733 693 830 725 omni
862 694 1018 735 catalogo
1043 693 1273 734 salutantium,

127 756 205 799 plus
230 753 359 798 aliquid
382 754 531 787 sensisse.
578 752 740 797 Denique
771 753 851 798 et3)
889 754 1111 788 Timotheum
1138 754 1274 801 adjuto-

126 830 200 850 rem
224 830 324 850 suum
349 814 440 855 dicit,
465 824 496 848 et
522 827 640 848 omncs
664 815 764 848 simul
790 825 952 857 cognatos
985 830 1076 851 suos.
1129 816 1174 849 Et
1198 816 1274 862 qui-

128 881 208 913 dem
233 879 277 911 de
300 877 486 910 Timotheo
511 876 706 920 plenissime
728 878 874 911 refertur
896 878 933 910 in
956 879 1096 912 Actibus
1121 881 1272 924 Aposto-

125 941 252 980 lorum,
265 939 301 983 4)
325 939 421 984 quod
444 938 545 971 suerit
569 938 801 983 Derbensis5)
828 938 916 979 civis,
938 940 1027 974 filius
1050 941 1201 974 mulieris
1224 939 1273 973 vi—

128 1004 218 1037 duae
242 1001 369 1041 fidelis,
398 1013 436 1033 ex
460 1010 558 1046 patre
582 1000 713 1042 gentili:
746 1001 790 1033 (le
823 1013 892 1045 quo
919 1011 950 1035 et
972 1002 1044 1047 ipse
1067 1002 1194 1035 Paulus
1220 1001 1271 1035 di-

128 1064 182 1105 cit,
209 1063 287 1109 quia
321 1073 505 1109 propterea
537 1063 705 1103 rogaverit
718 1062 754 1107 ⁶)
790 1075 868 1096 eum
899 1076 1104 1108 permanere
1134 1063 1274 1109 Ephesi,

126 1135 166 1160 ut
190 1125 368 1159 denuntiet
387 1125 610 1170 quibusdam,
642 1137 687 1158 ne
720 1125 816 1158 aliter
840 1127 1005 1167 doceant,
1027 1140 1140 1172 neque
1164 1136 1273 1160 atten-

128 1188 213 1221 dant
237 1188 361 1221 fabulis
386 1197 417 1221 et
442 1187 646 1229 genealogiis
671 1187 820 1221 infinitis.
868 1188 937 1221 Sed
966 1197 998 1221 et
1020 1189 1165 1222 Lucium
1196 1189 1272 1234 qui·

127 1250 209 1283 dam
233 1249 346 1294 ipsum
363 1249 398 1294 ⁷)
422 1249 605 1294 perhibent
624 1262 693 1283 esse
707 1249 847 1290 Lucam,
870 1249 928 1294 qui
943 1250 1166 1292 Evangelium
1190 1251 1274 1285 scri-

127 1311 204 1357 psit,
227 1311 343 1357 pros)
367 1325 418 1352 eo,
445 1312 540 1356 quod
564 1313 696 1345 soleant
718 1311 863 1344 nomina
886 1311 1059 1345 interdum
1082 1313 1272 1347 secundum

126 1376 274 1424 patriam
299 1374 583 1414 declinationem,
616 1373 789 1407 interdum
823 1373 922 1406 etiam
953 1375 1144 1408 secundum
1177 1386 1272 1416 grae-

128 1454 203 1474 cam
229 1448 478 1480 romanamque
502 1433 665 1480 proferri.
711 1435 821 1468 Jason
853 1447 934 1468 vero
959 1435 1019 1468 ille
1044 1444 1106 1476 est,
1133 1437 1176 1469 de
1201 1448 1270 1480 quo

128 1503 229 1536 etiam
253 1501 289 1534 in
315 1498 457 1532 Actibus
481 1497 731 1542 Apostolorum
754 1495 981 1540 scribitur,9)
1006 1498 1103 1542 quod
1127 1496 1271 1532 Thessa-

221 1629 256 1673 ¹)
280 1627 382 1659 Rom.
407 1624 468 1665 XI,
491 1626 544 1661 35.
641 1625 678 1670 ²)
703 1626 804 1659 Rom.
829 1625 922 1667 XVI,
944 1625 999 1660 21.

219 1683 257 1730 3)
283 1683 388 1717 Deest
412 1686 485 1722 „et“
508 1682 543 1714 in
570 1682 645 1715 edd.
670 1681 721 1715 M.

221 1741 258 1785 ιι>
283 1740 354 1773 Cfr.
382 1739 456 1771 Act.
485 1738 584 1778 XVI⁷
617 1741 648 1774 1.

221 1796 257 1841 ⁵)
281 1796 371 1828 Edd.
398 1794 554 1827 Merlini:
581 1795 791 1835 „Derbeus‚“
817 1796 869 1829 ed.
888 1793 1016 1828 Ruaei:
1039 1794 1271 1835 ‚,Derbaeus.“

128 1842 199 1877 Cfr.
224 1855 298 1887 pag.
323 1840 399 1875 449.
423 1850 493 1873 not.
522 1841 552 1874 7.

221 1897 258 1941 ⁶)
284 1895 341 1930 Sic
372 1895 457 1929 Msc.
494 1896 575 1938 Reg.
606 1910 701 1929 num.
733 1896 829 1931 1639.
860 1907 891 1930 et
927 1897 1099 1931 Rabanus.
1159 1895 1271 1930 Ceteri

126 1957 208 1978 vero
233 1944 313 1975 Mss.
339 1951 371 1974 et
395 1941 474 1974 editi
499 1942 547 1987 (e.
573 1955 599 1975 c.
626 1943 702 1976 edd.
726 1942 812 1986 M.):
838 1946 1065 1986 „rogaverat.“
1088 1941 1127 1975 R.
1143 1961 1184 1968 —
1200 1941 1270 1975 Cfr.

126 1991 142 2022 I
167 1988 318 2022 Timoth.
343 1988 369 2027 I,
392 1988 423 2021 3.
451 1988 482 2020 4.

221 2045 258 2089 ⁷)
283 2043 506 2077 Desidet-atur
529 2043 564 2076 in
591 2042 685 2076 editis
712 2043 758 2087 (e.
786 2057 812 2078 c.
838 2044 913 2077 edd.
937 2042 1026 2088 MA)
1052 2042 1270 2087 „ipsum.“R.

220 2100 258 2145 3)
284 2101 367 2133 Msc.
391 2100 474 2140 Reg.
499 2112 583 2131 num
609 2099 708 2133 1639.
738 2113 824 2145 „pro
851 2112 911 2140 eo,
945 2101 1039 2144 quod
1070 2100 1182 2132 solent
1204 2111 1269 2131 no-

127 2147 274 2181 minari“
309 2154 370 2178 etc.
431 2145 499 2178 Sed
534 2144 633 2177 ceteri
663 2144 762 2188 Mss.,
785 2145 962 2187 stabamus,
994 2154 1025 2178 et
1056 2145 1135 2178 editi
1167 2143 1214 2189 (v.
1240 2156 1266 2176 c.

129 2194 206 2228 edd.
232 2192 309 2235 M.)‚
332 2200 370 2223 ut
392 2191 426 2223 in
451 2199 550 2222 texui.
577 2189 616 2222 R.

222 2248 259 2293 ⁹)
286 2250 357 2282 Act.
382 2246 491 2289 XVII,
513 2247 543 2281 5.
568 2260 660 2292 seqq.
