1377 2454
197 62 262 97 134
466 62 644 96 Omomus
667 73 704 97 m
727 63 789 98 Ep,
812 73 859 97 An
886 63 1063 98 ROMANos

197 165 261 192 me,
286 160 323 184 ut
348 153 449 185 edant
473 166 590 187 carnes
613 166 717 194 meas,
741 154 798 198 qui
815 154 980 187 tribulant
1002 168 1058 187 me
1080 153 1212 187 inimici
1234 153 1333 194 mei,⁴‘

197 223 308 246 tamen
335 214 490 248 Domino
517 216 722 248 defendente
744 215 847 248 vitam
871 229 1001 256 meam,
1031 215 1192 250 infirmati
1225 225 1333 256 „sunt,

200 285 232 308 et
257 276 484 310 ceciderunt.“
530 277 602 310 Dat
623 287 796 322 praeterea
817 277 981 310 indicium
1007 278 1194 311 maximum
1217 278 1334 320 ingen-

199 338 238 371 tis
263 350 339 379 erga
363 352 427 371 nos
453 338 577 371 amoris
601 338 687 379 Dei,
712 339 770 383 qui
794 339 829 372 in
853 348 996 379 tantum,
1018 339 1138 384 inquit,
1161 353 1225 372 nos
1250 340 1334 372 dile-

198 399 254 439 xit,
270 399 303 443 ¹)
328 409 365 432 ut
387 413 450 433 nec
475 401 685 445 ‚,proprio²)
712 400 802 433 Filio
827 401 938 444 su03)
962 400 1164 445 pepercerit,
1185 402 1245 434 sed
1268 414 1334 446 pro

198 462 299 494 nobis
323 462 482 495 omnibus
507 463 548 495 ad
574 462 765 508 passionem
790 462 966 495 tradiderit
979 461 1015 507 4)
1042 467 1152 495 eum,“
1182 462 1275 505 Et⁵)
1299 472 1336 496 ut

199 521 331 568 majore
354 536 417 556 nos
442 523 668 557 admiratione
694 523 955 565 constringeret,
987 524 1119 569 addidit
1140 537 1336 558 sermonem

201 583 342 625 ingentis
367 584 482 617 arcani
507 584 699 624 conscium,
732 585 863 624 dicens,
888 586 966 631 quia
997 585 1165 631 „proprio
1181 585 1219 626 ⁶)
1244 585 1335 618 Filio

198 660 261 679 suo
287 660 358 679 non
392 647 573 690 pepercit.“
626 647 767 680 Dixerat
799 647 888 680 enim
920 648 1091 691 superius,
1125 647 1204 692 quia
1237 647 1337 680 etiam

200 721 279 748 nos,
311 708 369 753 qui
396 708 550 753 spiritum
584 708 779 752 adoptionis
804 707 1066 753 accepimus‚⁷)
1095 708 1157 742 filii
1190 708 1259 742 Dei
1281 723 1338 743 su-

202 783 286 802 mus.
333 771 385 802 Ne
410 783 488 811 ergo
514 771 690 803 communi
714 771 773 803 ista
799 770 1028 815 appellatione
1053 770 1204 803 filiorum
1230 783 1338 803 unum

203 831 350 875 aliquem
374 845 412 864 ex
437 831 487 865 his
509 832 686 865 tradidisse
712 841 900 876 putaretur,
926 831 984 875 qui
1008 832 1041 865 in
1067 832 1155 869 filios
1175 832 1338 865 videban-

202 901 258 925 tur
282 893 409 933 adschi,
434 893 565 926 addidit
589 894 754 938 „proprio
768 894 804 938 ³)
834 893 966 933 Filio,·‘
989 902 1026 925 ut
1051 905 1140 934 eum,
1165 893 1224 938 qui
1247 894 1339 927 solus

203 966 241 985 ex
273 954 346 998 ipso
380 954 456 987 Deo
488 955 655 988 ineffabili
695 955 865 989 nativitate
904 964 1099 996 generatur,
1138 956 1339 988 ostenderet.

203 1014 344 1058 ‚,P1·0⁹)
370 1016 468 1049 nobis
495 1029 572 1058 ergo
600 1017 759 1050 omnibus
789 1016 928 1049 tradidit
953 1029 1029 1048 eum
1040 1020 1070 1055 ,“
1094 1029 1167 1049 non
1190 1015 1248 1048 illa
1273 1025 1341 1050 tra-

206 1076 352 1117 ditione,
377 1091 442 1121 qua
467 1078 631 1122 scriptum
658 1087 721 1110 est:
754 1076 957 1121 „tradet¹⁰)
994 1085 1106 1109 autem
1138 1077 1341 1109 fratersra-

204 1148 288 1171 trem
315 1139 348 1171 in
375 1148 541 1178 mortem,
576 1148 607 1171 et
630 1147 785 1183 parentes
809 1138 941 1171 filios:“
972 1139 1029 1172 sed
1060 1138 1239 1172 tradidisse
1263 1151 1340 1171 eum

205 1201 327 1234 dicitur
351 1201 417 1233 hoc
443 1200 528 1244 ipso,
553 1202 658 1245 quod,
674 1201 681 1220 ¹
697 1200 729 1244 1)
758 1213 836 1233 cum
860 1199 896 1232 in
921 1201 1032 1233 forma
1057 1199 1124 1232 Dei
1150 1209 1243 1239 esset,
1267 1213 1343 1244 pas-

204 1277 257 1296 sus
283 1271 329 1296 est
342 1276 418 1295 eum
441 1262 612 1294 exinanire
634 1276 669 1295 se
693 1262 816 1306 ipsum,
841 1271 871 1294 et
895 1262 1042 1296 sormam
1066 1261 1152 1295 servi
1176 1262 1342 1306 accipere,

207 1333 238 1356 et
262 1336 368 1367 usque
393 1324 436 1356 ad
460 1333 607 1356 mortem
633 1323 739 1357 crucis
763 1323 957 1368 pervenire:
988 1332 1025 1355 ut
1057 1324 1092 1357 in
1125 1322 1199 1368 ipso
1232 1322 1343 1356 omni-

205 1387 268 1419 bus
293 1382 483 1429 exemplum
512 1384 724 1418 obedientiae
755 1394 918 1428 poneret,
950 1385 1051 1426 ειη)
1081 1384 1168 1417 viam
1194 1397 1341 1418 resurre-

303 1537 336 1579 Ι)
361 1535 426 1568 Ed.
451 1535 501 1568 M.
526 1535 575 1567 Il:
600 1534 760 1567 dilexerit.
854 1534 890 1576 ²)
918 1533 986 1566 Csr.
1011 1533 1114 1569 Rom.
1142 1533 1233 1573 VIII,
1257 1535 1310 1568 32.

301 1591 337 1632 ³)
362 1590 467 1623 Deest
491 1594 595 1630 ‚,su0“
619 1589 654 1622 in
680 1591 755 1624 edd.
783 1590 830 1622 M.

301 1647 338 1691 4)
362 1646 456 1680 Editi
481 1647 527 1690 (e.
552 1659 580 1679 c.
607 1647 681 1680 edd.
707 1645 793 1689 M.):
818 1646 979 1686 „tradidit
1004 1649 1114 1678 eum,“
1137 1645 1177 1678 R.

301 1704 336 1746 5)
362 1702 445 1735 Msc.
470 1716 557 1735 unus
582 1701 662 1742 Reg.
687 1716 781 1735 num.
816 1701 912 1736 1639.
959 1701 1025 1741 „Et
1047 1709 1084 1733 ut
1109 1701 1152 1733 ad
1175 1699 1342 1746 majorem

206 1762 268 1781 nos
302 1748 564 1780 admirationem
591 1747 852 1788 constringeret,
887 1747 1001 1780 addit“
1025 1755 1087 1778 etc.
1149 1745 1217 1778 Sed
1243 1745 1343 1777 ceteri

207 1793 298 1832 Mss.,
322 1792 493 1831 Rabanus,
515 1802 546 1824 et
563 1792 642 1825 editi
659 1793 705 1835 (v.
723 1805 748 1824 c.
768 1793 845 1827 edd.
860 1792 929 1834 M.)
946 1801 983 1824 ut
998 1790 1033 1823 in
1048 1799 1168 1823 nostro
1182 1799 1282 1822 textu.
1303 1789 1343 1821 R.

302 1848 338 1892 ὅ)
364 1848 465 1881 Rom.
492 1848 582 1888 VllI,
604 1849 657 1882 32.
684 1868 724 1874 --
749 1848 852 1880 Deest
876 1851 981 1886 „suo“
1005 1848 1039 1880 in
1064 1847 1140 1879 edd.
1166 1845 1214 1878 M.

301 1904 337 1946 ⁷)
362 1904 449 1937 Edd.
483 1904 529 1935 M.
560 1913 590 1937 et
625 1904 662 1937 R.
699 1903 931 1947 ‚‚accipimus.“
963 1923 1008 1927 —
1032 1904 1099 1938 Cfr.
1129 1901 1228 1934 Rom.
1252 1899 1344 1938 VIII,

208 1951 260 1983 15.
287 1949 338 1982 16.
367 1950 443 1982 coll.
470 1950 521 1982 14.

301 2004 338 2049 ⁸)
364 2007 463 2039 Rom.
490 2005 579 2044 VIII,
602 2006 654 2038 32.
752 2005 787 2048 ⁹)
814 2004 912 2036 Rom.
940 2003 1029 2042 VIII,
1052 2005 1105 2038 32.

282 2062 336 2105 ¹⁰)
363 2061 482 2093 Matth.
508 2061 552 2099 X,
579 2062 632 2095 21.

284 2120 289 2137 ¹
306 2119 339 2160 ¹)
364 2117 452 2150 Edd.
477 2116 634 2149 Merlini:
665 2117 780 2159 „quod
801 2128 888 2154 eum,
902 2128 978 2147 cum
995 2134 1034 2139 -
1059 2124 1151 2153 esset,
1168 2127 1282 2158 passus
1299 2122 1344 2145 est

211 2163 380 2196 exinanire
404 2175 438 2195 se
461 2163 591 2207 ipsum,
627 2170 656 2193 et
689 2163 835 2194 formam
867 2159 952 2193 servi
982 2160 1181 2205 suscipere.“
1204 2179 1248 2186 —-
1274 2157 1343 2191 Csr.

212 2208 360 2252 Philipp.
384 2207 426 2245 ΙΙ,
450 2208 479 2241 6.
504 2208 534 2241 7.
1222 2248 1230 2256 ι
1284 2247 1292 2254 ⁰

287 2254 337 2294 ¹²)
365 2252 457 2286 Editi
493 2252 539 2296 (v.
571 2264 598 2284 c.
627 2251 702 2284 edd.
736 2250 818 2294 M.):
852 2259 903 2290 „et
935 2250 1021 2284 viam
1054 2257 1307 2284 resurrectlonls
1326 2260 1343 2280 a
