1377 2454
160 89 205 124 18
434 85 615 120 ememus
638 95 676 119 m
700 84 764 118 Ep,
787 93 836 119 An
861 84 1042 119 Romnos

161 189 218 212 tor
242 177 335 218 dixit,
360 177 438 222 quia
462 190 587 218 „nemo
603 176 637 222 ¹)
668 185 781 222 potest
812 177 949 211 duobus
982 174 1130 209 dominis
1153 175 1312 210 δεινὴ-(3.4*

163 241 234 276 Sed
267 241 310 272 de
339 239 390 272 his
423 238 556 283 plenius
568 238 606 284 ²)
638 252 740 284 supra
766 238 920 272 diximus.
966 238 1060 271 Illud
1083 251 1163 271 sane
1188 248 1312 271 notan-

166 304 249 336 dum
275 311 334 342 est,
360 314 430 334 esse
454 310 487 333 et
503 301 696 334 libertatem
721 300 938 345 culpabilem,
964 309 997 332 et
1009 300 1218 333 laudabilem
1243 313 1312 333 ser-

167 365 323 397 vitutem.
368 365 458 396 Nam
481 363 629 396 liberum
655 375 724 395 esse
746 361 911 409 justitiae,
941 361 1070 394 crimen
1095 370 1157 404 est3
1180 375 1314 395 servum

168 440 249 460 vero
276 439 356 466 esse,
380 424 563 458 laudabile.
612 423 720 467 Quod
752 433 866 457 autem
897 423 979 457 (licit
1010 422 1156 470 justitiae
1181 437 1315 457 servum

168 488 262 529 fieri,
295 487 396 521 simul
428 486 577 528 intellige
611 495 643 518 et
678 485 883 531 sapientiae,
923 495 955 518 ct
976 484 1093 530 pietati
1127 494 1160 518 et
1181 485 1315 530 pudici-

170 552 255 590 tiae,
288 559 320 583 et
352 549 512 582 omnibus
543 561 610 581 una
641 547 838 580 virtutibus:
872 547 958 580 sicut
990 561 1007 580 e
1044 546 1217 580 contrario
1261 546 1319 592 qui

171 621 305 657 peccat,
347 625 461 644 servus
500 619 549 642 est
583 609 683 643 simul
723 618 755 642 et
788 609 1083 654 concupiscentiae
1120 609 1250 649 malae,
1287 618 1319 641 et

172 675 251 714 irae,
287 682 319 706 et
343 672 489 712 suroris,
526 681 558 704 et
589 670 839 715 impudicitiae,
882 680 915 704 et
955 671 1111 716 rapinae3
1143 680 1177 704 et
1208 669 1320 704 omni-

172 738 236 769 bus
260 735 360 768 simul
387 733 471 766 vitiis
503 746 541 765 ac
572 733 755 766 sceleribus
779 732 888 767 servit.
935 732 1039 766 Unde
1069 742 1204 766 nosmet
1229 732 1321 777 ipsos

173 797 355 842 semper3)
380 796 548 828 discutere
581 796 745 827 debemus
770 808 832 839 per
864 794 995 837 singula
1028 808 1201 840 quaeque,
1236 806 1323 838 quac

176 860 338 902 gerimus,
396 867 429 890 et
469 856 505 889 in
548 870 762 902 unoquoque
799 866 876 889 actu
913 856 1149 897 considerare,
1186 855 1321 889 cuinam

179 920 383 960 serviamus,
430 928 618 964 peccatone
656 919 699 951 ad
738 917 970 963 iniquitatem,
1014 932 1058 951 an
1098 916 1246 964 justitiae
1286 916 1322 949 in

176 981 489 1016 sanctificationem.
559 978 759 1024 ‚,Quem⁴²)
805 992 903 1022 ergo,
955 980 1133 1026 inquit‚⁵)
1172 980 1325 1012 fructum

178 1043 342 1077 habuistis
388 1052 470 1075 tunc
516 1041 550 1074 in
592 1041 674 1081 illis,
728 1041 763 1074 in
807 1041 930 1085 quibus
967 1055 1059 1075 nunc
1104 1039 1324 1074 erubescitis?

181 1107 271 1139 Nam
296 1103 371 1137 finis
406 1104 548 1136 illorum
572 1116 666 1135 mors
698 1106 778 1135 est.“
823 1103 992 1136 Fructum
1025 1113 1058 1136 et
1085 1104 1262 1136 bonorum
1296 1111 1328 1135 et

180 1168 353 1200 malorum
378 1178 449 1198 esse
474 1165 575 1197 docet
602 1164 778 1208 Scriptura
806 1163 928 1204 divina,
953 1174 991 1197 ut
1015 1164 1087 1210 ipse
1111 1165 1270 1199 Salvator
1292 1163 1328 1197 in

182 1227 373 1271 Evangeliis
399 1226 494 1260 dicit:
520 1236 600 1267 „aut
612 1226 647 1269 6)
672 1225 772 1258 facite
789 1226 949 1259 arborem
966 1227 1106 1267 bonam,
1131 1236 1163 1263 et
1179 1226 1329 1258 fructum

186 1291 256 1338 ejus
282 1292 436 1330 bonum3
461 1298 519 1321 aut
544 1288 643 1320 facite.
668 1289 828 1320 arborem
859 1288 1003 1328 malam,
1027 1298 1059 1321 et
1083 1289 1232 1321 fructum
1258 1286 1331 1333 ejus

183 1353 345 1385 malum.“
369 1370 372 1372 -
393 1349 545 1393 „N0n⁷)
576 1358 688 1393 potest
721 1350 826 1381 arbor
858 1350 949 1382 bona
984 1350 1114 1383 fructus
1147 1349 1256 1382 malos
1279 1349 1330 1382 fa-

184 1427 272 1454 cere,
295 1426 408 1457 neque
433 1412 538 1443 arbor
561 1411 650 1443 mala
674 1411 804 1443 fructus
829 1411 941 1444 bonos
966 1413 1110 1444 facere.“
1144 1412 1183 1443 In
1209 1411 1331 1456 quibus

182 1474 401 1522 propositum
417 1482 449 1506 et
464 1472 620 1505 voluntas
637 1471 795 1512 hominis,
813 1474 917 1505 arbor
933 1472 998 1506 diei
1013 1473 1145 1506 videtur
1162 1473 1215 1506 vel
1230 1474 1333 1511 bona,

185 1538 237 1570 vel
251 1537 350 1576 mala,
370 1537 498 1568 fructus
523 1547 603 1566 vero
630 1532 700 1579 ejus
726 1547 840 1578 opera.
876 1534 912 1567 Si
938 1534 1011 1579 quis
1035 1535 1137 1578 igitur
1161 1543 1334 1568 convertat

187 1598 390 1641 animumss)
415 1606 447 1629 et
470 1595 685 1640 propositum
712 1597 755 1628 ad
780 1594 959 1641 justitiam,
984 1597 1151 1630 erubescit
1174 1597 1245 1630 siue
1271 1597 1334 1629 du-

187 1661 259 1701 bio,
276 1670 307 1693 et
320 1660 356 1703 ⁹)
379 1659 451 1704 ipse
467 1670 502 1691 se
517 1666 613 1691 notat
633 1658 676 1691 de
696 1656 868 1702 prioribus
885 1657 991 1700 gestis,
1011 1672 1097 1703 quae
1124 1658 1188 1702 egit
1203 1657 1334 1703 positus

288 1799 323 1844 ¹)
347 1800 469 1833 Matth.
493 1799 552 1837 VI,
575 1797 630 1832 24.
725 1798 763 1842 ²)
787 1797 877 1831 Edd.
908 1797 1066 1831 Merlini:
1090 1797 1294 1842 plenissime.

286 1856 323 1898 ³)
347 1855 436 1888 Edd.
461 1853 619 1887 Merlini:
645 1854 812 1887 discutere
836 1867 970 1899 semper
994 1855 1158 1887 debemus
1182 1867 1244 1899 per
1267 1853 1334 1887 sin-

192 1901 279 1944 gula,
306 1913 392 1945 quae
417 1899 573 1942 gerimus,
600 1909 661 1932 etc.

288 1956 325 2001 4)
349 1957 452 1989 Rom.
478 1956 537 1995 VI,
566 1957 621 1989 21.

290 2013 326 2057 ⁵)
350 2013 456 2044 Deest
481 2011 636 2056 „inquit“
659 2010 694 2044 in
720 2012 796 2045 edd.
821 2012 873 2050 M,

293 2068 330 2112 ⁶)
354 2069 474 2101 Matth.
499 2068 578 2108 XII,
600 2069 654 2103 33.

294 2125 330 2166 ⁷)
353 2125 474 2157 Matth.
498 2123 574 2163 VH,
600 2125 652 2159 18.
673 2144 714 2150 -
734 2123 825 2157 Edd.
850 2122 991 2157 Merlini
1007 2119 1178 2167 fructum
1203 2122 1337 2156 malum

198 2179 230 2201 et
246 2166 417 2213 fructum
444 2169 588 2202 bonum.

292 2225 329 2269 Β)
356 2226 422 2258 Ed.
448 2225 556 2258 Ruaei
582 2225 674 2258 sola:
701 2224 843 2258 animos.

292 2281 328 2325 ⁹)
355 2280 463 2316 Alias:
490 2291 543 2323 „et
567 2281 638 2328 ipse
664 2294 697 2316 se
717 2286 888 2324 renovat,“
912 2282 952 2316 al.
978 2280 1123 2327 „etipsa
1153 2283 1280 2313 notat.“
1296 2280 1338 2313 R.
