1320 2444
319 56 671 91 COMMENTARJORUM
704 55 776 87 Lm.
808 55 851 88 X.
1099 56 1168 91 379

32 154 98 185 hoc
120 150 163 183 ita
190 147 362 188 existimat,
385 159 570 181 commune
594 145 738 178 efficitur
762 145 812 177 vel
834 144 1062 177 immundum.
1116 145 1167 176 Ex

32 212 152 257 quibus
179 210 349 243 evidenter
372 209 557 254 Apostolus
589 205 773 249 edocet‚¹)
806 219 877 238 non
903 205 938 237 in
963 207 1079 246 rebus,
1116 207 1167 238 vel

31 273 65 306 in
91 270 300 311 substantiis,
329 271 388 304 sed
419 269 453 302 in
481 269 608 302 actibus
633 277 665 300 et
690 266 950 309 cogitationibus
974 268 1086 301 minus
1113 281 1167 300 re-

33 334 92 367 ctis
115 331 367 367 immunditiam
389 331 684 376 pullutionemque
700 329 898 369 consistere;
923 329 1074 373 quamvis
1088 330 1170 362 Mo-

31 396 72 430 sis
96 395 193 438 lex2)
220 395 386 439 quaedam
413 393 554 432 munda,
579 400 610 423 ct
632 392 799 435 quaedam
817 391 993 424 immunda
1016 392 1169 432 signave-

32 458 92 491 rit:
117 457 150 490 in
177 456 299 500 quibus
325 454 552 488 distinctiones
577 453 736 497 quasdam
750 465 879 496 ponere
901 451 1019 491 voluit,
1044 462 1080 484 ut
1104 466 1169 496 po-

33 520 150 564 pulus,
189 517 247 562 qui
274 518 337 550 sub
362 517 434 556 lege
460 515 673 554 censebatur,
706 513 850 547 discerni
885 527 947 559 per
970 513 1170 560 hujusmodi

34 579 261 615 observantias
294 591 310 610 a
351 577 467 610 ceteris
506 575 659 617 gentibus
690 575 869 609 videretur.
923 575 968 608 Et
1006 576 1171 619 quamdiu

34 642 171 687 quidem
196 640 346 685 populus
370 639 427 672 ille
451 647 593 677 sanctus,
618 646 650 670 et
672 646 858 679 segregatus
883 650 901 670 a
917 637 1033 670 ceteris
1058 637 1170 670 natio-

32 703 133 737 nibus
158 703 365 741 habebatur,
396 700 494 732 ctiam
521 697 678 732 discretio
703 699 746 731 de
775 699 911 731 mundis
937 708 968 731 et
986 699 1173 732 immundis

32 765 218 799 necessaria
243 763 431 801 videbatur,
456 773 542 805 quae
566 769 752 802 segregaret
778 769 809 792 et
832 771 1021 793 secerneret
1043 761 1174 806 specia-

33 828 99 860 lem
124 826 293 871 populum
326 823 393 856 Dei
425 836 442 855 a
478 821 692 862 nationibus,
728 835 810 866 quas
833 822 1022 863 ignorantia
1047 823 1115 856 Dei
1142 832 1174 855 et

33 888 208 921 idolorum
235 887 342 919 cultus
366 884 511 917 faciebat
533 884 744 917 immundas:
782 883 841 917 ubi
865 897 944 917 vero
968 883 1072 930 janua
1094 885 1175 918 fidei

36 950 203 983 Gentibus
229 948 393 992 aperitur,
425 956 457 979 et
481 945 664 979 invitantur
689 959 806 979 omnes
830 947 873 978 ad
897 946 1029 986 Deum,
1063 956 1176 979 osten-

37 1013 164 1045 duntur
188 1009 289 1042 Petro
317 1008 431 1041 onmia
456 1006 702 1052 quadrupedia,
727 1016 758 1040 et
783 1008 945 1052 repentia,
971 1016 1003 1041 et
1026 1007 1176 1041 volatilia

37 1072 186 1117 exposita
211 1072 246 1103 in
271 1070 396 1109 linteo,
419 1069 516 1113 quod
542 1070 682 1103 coelitus
705 1070 815 1102 fuerat
841 1071 1043 1109 deductum,
1069 1079 1100 1102 et
1125 1069 1176 1102 di-

38 1134 125 1167 citur
151 1133 197 1166 ei:
223 1130 387 1175 „surge³)
413 1130 521 1170 Petre‚
548 1131 679 1170 occide,
703 1141 736 1164 et
758 1132 962 1163 manduca.“
1018 1131 1178 1175 Cumque

35 1194 149 1236 legalis
174 1192 406 1227 observantiae
429 1205 565 1225 memor
589 1192 815 1237 respondisset
839 1194 882 1225 ad
907 1192 1118 1233 Dominum,
1144 1202 1177 1225 et

37 1255 184 1289 dixisset:
208 1253 380 1298 ‚‚absit‚‘²)
404 1253 574 1294 Domine,
608 1254 687 1298 quia
709 1267 887 1299 nunquam
913 1267 1098 1287 commune
1121 1264 1179 1288 aut

36 1316 254 1350 immundum
280 1315 432 1348 introivit
454 1317 490 1349 iu
515 1329 553 1348 os
567 1320 723 1348 meum:“
747 1316 883 1348 coelesti
906 1316 1068 1350 sententia
1094 1330 1178 1361 pro*

37 1378 229 1411 nuntiatur:
255 1377 372 1421 „quod
388 1375 423 1421 ⁵)
448 1377 543 1410 Deus
567 1377 760 1416 mundavit,
785 1386 821 1410 tu
848 1389 1032 1411 commune
1055 1391 1099 1411 ne
1124 1379 1178 1411 di-

38 1440 155 1473 xeris.“
201 1438 271 1472 Ubi
304 1450 382 1480 ergo
419 1451 536 1471 omnes
569 1438 693 1472 Gentes
717 1438 828 1483 per5)
865 1439 1070 1480 agnitionem
1098 1440 1179 1473 fidei

39 1515 58 1534 a
83 1500 373 1534 contaminatione
397 1501 624 1540 mundantur,
658 1499 706 1533 ibi
741 1509 771 1533 et
805 1499 913 1534 omnis
948 1501 1041 1534 cibus
1072 1503 1178 1534 verbo

39 1560 187 1594 Domini
212 1570 243 1593 et
267 1560 422 1593 oratione
446 1571 628 1605 purgatur:
658 1571 689 1594 et
715 1563 759 1595 ob
784 1562 851 1594 hoc
877 1564 1063 1606 Apostolus
1089 1563 1180 1603 dicit,

41 1623 119 1668 quia
144 1622 281 1662 „omnia
296 1621 330 1665 ⁷)
354 1623 483 1655 munda
523 1627 638 1662 sunt‚“
678 1633 807 1656 tantum
848 1633 885 1656 ut
923 1624 1008 1656 illud
1046 1624 1177 1664 vitetur,

42 1685 136 1729 quod
167 1684 202 1717 in
234 1682 453 1727 sequentibus
484 1683 600 1728 ponit,
647 1698 691 1718 ne
720 1698 782 1729 per
814 1684 1041 1718 offensionem
1071 1685 1182 1719 fratris

43 1836 148 1855 mune
186 1822 332 1856 efficitur
369 1832 401 1855 ct
441 1823 672 1856 immundum.
729 1823 863 1866 Quibus
897 1823 1088 1858 evidenter“
1121 1835 1182 1859 ctc.

45 1868 114 1901 Sed
140 1881 259 1901 omnes
286 1867 364 1901 Mss.
391 1877 422 1900 et
446 1867 606 1901 {tabanus
634 1877 671 1901 ut
694 1869 730 1901 in
755 1879 854 1903 textu.
879 1868 919 1901 R.

140 1923 174 1967 ¹)
198 1924 288 1957 Edd.
312 1923 466 1956 Mertini:
493 1925 602 1957 docet.

139 1980 175 2023 ²)
202 1980 270 2012 Csr.
296 1980 429 2017 Levitic,
455 1979 515 2019 XI,
541 1982 572 2014 2.
597 1994 688 2025 seqq.
785 1982 821 2025 ³)
843 1983 917 2015 Act.
941 1982 984 2022 X,
1011 1983 1061 2016 13.

141 2035 178 2079 ⁴)
203 2037 274 2068 Act.
299 2036 344 2074 X,
368 2035 419 2068 14.

51 2138 82 2170 d·
142 2090 177 2135 ⁵)
202 2094 275 2124 Act.
300 2091 350 2131 X,
391 2091 443 2124 15.
476 2110 519 2116 -
550 2092 639 2126 Edd.
671 2092 829 2127 Merlini:
862 2103 896 2127 tu
933 2106 976 2126 ne
1001 2107 1185 2127 commune

76 2150 180 2171 ixeris.

143 2194 179 2237 5)
203 2192 291 2225 Edd.
316 2191 469 2224 Merlini:
496 2192 666 2234 agnitione
690 2195 776 2227 fidei.

147 2249 181 2293 ⁷)
206 2248 308 2282 Rom.
332 2248 423 2288 XIV,
445 2249 498 2283 20.
