1320 2444
181 71 250 107 334
453 71 632 105 Omont-us
656 81 693 106 m
719 71 781 106 ΕΡ.
802 81 850 106 AD
875 72 1054 108 Romans

184 163 226 195 ab
259 174 321 202 eo,
355 162 452 207 quod
487 162 523 195 in
552 163 770 207 sequentibus
809 163 961 197 additur:
999 164 1124 210 „cui¹)
1152 165 1318 208 timorem,

181 224 359 257 timorem:
388 224 442 257 cui
465 224 648 265 honorem,
666 225 880 258 Ιιοῃοικῑηιείι
905 225 1047 259 divisum
1060 226 1097 271 2)
1122 228 1207 262 mihi
1230 229 1318 262 vide-

181 296 253 319 tur:
279 295 310 318 et
333 286 377 319 ad
402 298 459 319 eos
484 285 634 330 quidem,
661 299 747 331 quos
761 300 863 331 supra
878 287 1022 321 diximus
1037 288 1219 330 ministros,
1242 304 1318 336 per-

181 349 288 382 tinere
310 349 438 382 tributa
464 356 497 380 et
520 348 701 389 vectigalia.
747 348 943 392 Exigum3)
970 349 1060 383 enim
1080 352 1123 385 de
1140 353 1239 386 nobis
1263 338 1319 386 tri-

180 412 262 444 buta
286 419 397 443 terrae
419 418 567 450 nostrae,
590 419 622 443 et
645 409 816 452 vectigalia
840 410 1078 451 negotiationis
1097 422 1241 448 nostrae.
1277 414 1319 448 ΕΙ

179 473 265 517 quid
291 472 389 512 (lico,
428 470 519 515 de4)
553 471 678 506 nobis?
725 472 921 517 Exactus⁵)
955 481 1001 507 est
1031 474 1197 507 tributum
1222 474 1320 509 etiam

179 534 356 567 Dominus
388 543 504 566 noster
533 533 630 567 Jesus
665 532 817 568 Christus
846 534 882 568 in
908 548 1010 568 carne
1038 535 1188 580 positus:
1225 537 1320 581 quod

178 596 310 630 idcirco
335 609 371 629 se
405 594 487 629 dicit
518 596 701 636 exsolvere,
733 609 805 629 non
839 597 934 641 quod
959 596 1097 638 debitor
1119 598 1171 638 sit,
1195 599 1254 632 sed
1277 611 1320 632 ne

178 657 383 692 scandalizet
407 670 475 691 eos.
522 657 681 701 Quodss)
705 658 731 691 si
755 658 829 698 ille,
864 658 923 703 qui
945 658 1030 691 nihil
1055 659 1204 694 hahebat
1226 660 1263 693 in
1285 673 1320 694 se

181 720 343 760 Caesaris,
367 728 399 752 ct
420 719 457 753 in
482 732 551 763 quo
576 718 783 764 princeps⁷)
819 713 919 765 hujus
943 720 1065 753 mundi
1089 721 1226 755 veniens
1249 735 1320 755 non

178 782 305 815 invenit
329 781 511 826 quicquam
537 782 580 814 de
602 781 729 824 suis,⁸)
755 795 833 814 cum
857 781 945 814 liber
970 791 1061 823 esset,
1084 783 1185 816 solvit
1207 792 1320 817 tamen

178 844 363 884 tributum,
395 863 438 869 —
470 843 560 876 venit
591 843 682 877 enim
708 852 740 876 et
762 843 798 876 in
824 853 994 884 mortem,
1027 854 1065 876 ut
1088 854 1171 878 esset
1193 854 1225 877 et
1247 845 1320 885 „in-

178 906 277 950 tet-⁹)
309 914 463 939 mortuos
487 905 596 938 liber“
626 925 686 945 —‚
720 915 848 950 quanto
881 905 986 946 magis
1014 919 1077 939 nos
1108 919 1243 940 necesse
1275 915 1320 940 est

176 968 238 1001 ista
262 967 387 1000 tributa
422 966 530 1001 carnis
556 968 764 1011 expendere,
795 976 827 1000 et
855 966 1094 1008 negotiationis
1116 977 1270 1008 nostrae,
1294 968 1320 1002 si

178 1038 292 1063 tamen
317 1028 533 1070 negotiamur
555 1027 753 1070 margaritas
777 1028 873 1070 regni
896 1029 1092 1070 coelorum,
1124 1044 1187 1075 per
1211 1029 1320 1063 diver-

178 1105 230 1124 sas
253 1091 455 1124 tentationes
469 1090 677 1132 exigentibus
701 1103 764 1124 nos
779 1091 786 1109 ¹
799 1090 836 1134 ⁰)
852 1090 1024 1136 spiritibus
1040 1090 1212 1132 vectigalia
1235 1104 1320 1136 pen-

177 1152 301 1187 sitare?
351 1152 603 1196 Timorem¹¹)
636 1166 715 1185 vero
750 1161 782 1185 et
813 1153 984 1185 honorem
1018 1154 1061 1186 ad
1085 1152 1182 1186 illum
1205 1153 1320 1197 potius

177 1216 305 1247 referre
336 1215 519 1255 debemus,
555 1215 614 1258 qui
647 1214 728 1248 dicit
761 1228 824 1259 per
855 1215 1078 1260 prophetam:
1110 1213 1320 1260 „nonne¹²)

276 1316 309 1360 ¹)
333 1315 435 1349 Rom.
461 1315 555 1356 XIII,
579 1315 610 1350 7.

271 1371 308 1416 2)
333 1371 425 1404 Editi
456 1372 504 1416 (e.
535 1386 563 1405 c.
597 1372 673 1405 edd.
706 1370 792 1416 M.):
822 1371 1045 1412 ‚,diversum.“
1104 1370 1174 1405 Sed
1199 1383 1318 1405 omnes

178 1417 258 1450 Mss.
283 1426 315 1450 et
339 1417 501 1450 Rabanus
524 1426 561 1449 ut
583 1418 618 1451 in
644 1425 761 1450 nostro
786 1426 885 1451 textu.
908 1417 948 1449 R.

270 1473 308 1516 3)
333 1473 412 1505 RIss.
438 1474 528 1506 duo:
561 1472 729 1513 „Exigunt
760 1473 851 1505 enim
880 1486 944 1505 nos
967 1472 1116 1505 tributa“
1140 1481 1201 1504 etc.
1225 1471 1317 1507 Editi

176 1517 332 1564 plerique
366 1518 413 1564 (e.
437 1532 464 1552 c.
489 1518 567 1551 edd.
591 1517 675 1559 Μ),
708 1527 739 1550 et
769 1518 854 1550 Msc.
878 1517 958 1559 Reg.
982 1530 1075 1550 num.
1099 1516 1196 1552 1639.
1218 1517 1316 1557 „Exi-

177 1573 260 1605 gunt
284 1564 375 1596 enim
400 1577 419 1596 a
443 1563 543 1596 nobis
567 1563 768 1608 (Rabanusz
801 1562 846 1595 de
879 1562 1007 1596 nobis:
1040 1562 1145 1596 editio
1171 1562 1316 1596 Veneta:

177 1608 308 1652 nobis)
334 1610 479 1642 tributa“
507 1618 567 1642 etc.
592 1609 631 1642 R.

271 1665 307 1708 ⁴²)
332 1664 422 1698 Edd.
458 1664 507 1698 M.
540 1674 573 1698 et
604 1665 645 1698 R.
678 1665 866 1706 hocloco,
899 1665 958 1698 cfr.
989 1675 1063 1709 pag.
1089 1663 1158 1710 huj.
1188 1673 1262 1697 not.
1284 1662 1315 1698 3.

175 1711 243 1751 „de
265 1711 397 1743 nobis.“

272 1765 307 1810 5)
333 1765 390 1799 Sic
415 1778 532 1799 omnes
565 1765 643 1799 Mss.
674 1766 799 1807 nostri,
824 1766 945 1811 quibus
970 1765 1163 1799 consentire
1187 1764 1316 1798 videtur

176 1812 340 1844 Rabanus
363 1810 441 1844 licet
464 1811 500 1844 1⁶11
524 1812 592 1844 hoc
616 1812 696 1845 loco
717 1811 860 1846 vitiosus.
899 1811 992 1844 Editi
1005 1824 1086 1844 vero
1111 1810 1161 1855 (v,
1186 1823 1213 1844 c.
1239 1809 1313 1843 edd.

176 1857 266 1901 Μ.)ε
299 1856 472 1896 „Exsolvit
501 1857 666 1889 tributum
701 1858 800 1890 etiam
824 1857 995 1890 Dominus
1018 1860 1155 1890 noster“
1190 1864 1250 1889 etc.
1272 1855 1312 1888 R.

177 1922 219 1929 —
245 1901 314 1935 Csr.
338 1901 459 1934 Matth.
483 1901 594 1942 XVII,
621 1902 780 1936 24—27.

271 1957 307 2003 ὃ)
332 1958 417 1991 Msc.
441 1958 522 2000 Reg.
548 1972 642 1991 num.
667 1957 763 1993 1639.
788 1956 918 2001 „Quod
942 1959 968 1992 si
992 1958 1060 1999 ille,
1083 1957 1119 1991 in
1138 1969 1207 2002 quo
1231 1953 1313 1990 nihil

175 2005 324 2039 habebat
349 2003 482 2043 Caesar,
508 2013 539 2036 et
562 2003 620 2036 in“
644 2013 704 2036 etc.
729 2003 768 2035 R.

271 2061 306 2105 ⁷)
332 2060 403 2093 Cfr.
428 2072 475 2091 ev.
500 2059 625 2092 Joann.
649 2059 743 2100 XIV,
766 2060 821 2095 30.

267 2117 306 2162 8)
329 2117 418 2150 Edd.
443 2115 600 2148 iwerlini:
623 2130 695 2149 suo.

271 2174 308 2219 9)
332 2173 456 2206 Psalm.
481 2171 704 2211 LXXXVUI,
728 2173 758 2206 5.
784 2170 1029 2216 (LXXXVII.)

249 2231 309 2273 ¹⁰)
333 2229 418 2262 Msc.
440 2227 521 2270 Reg.
553 2241 647 2261 num.
671 2228 768 2264 1639.
795 2242 835 2270 „a
857 2227 989 2261 nobis.“
1013 2227 1052 2261 R.

251 2286 308 2331 ¹¹)
335 2285 404 2320 Cfr.
429 2286 529 2320 Rom.
555 2284 651 2327 XIII,
673 2286 701 2320 7.
800 2284 858 2329 ¹²)
882 2283 1029 2319 Malach.
1055 2283 1125 2326 LG.
