1377 2454
156 104 202 139 30
427 102 604 138 Onmnms
627 115 665 139 m
689 105 751 138 ΕΡ.
776 113 824 139 An
849 106 1029 141 Romnos

157 193 267 226 vivere
291 192 439 234 debetis,
473 194 550 238 quia
583 194 651 240 jam
676 210 748 229 non
784 211 899 230 sumus
925 197 960 230 in
986 210 1103 238 carne,
1120 197 1155 244 ¹)
1178 199 1238 232 sed
1261 198 1296 231 in

156 256 289 300 spiritu,
314 255 442 289 etiamsi
467 256 652 301 aliquando
687 258 720 291 111
756 272 856 292 carne
888 259 990 304 positi
1014 259 1142 304 peccati
1166 269 1199 293 et
1223 274 1295 293 car-

155 319 208 351 nis
232 318 447 363 passionibus
471 320 698 361 urgebamur:
732 334 818 365 quae
847 320 1019 364 passiones
1050 335 1113 366 per
1145 322 1295 355 occasio-

155 394 236 413 nem
260 380 339 422 legis
364 380 399 413 in
422 382 584 414 membris
608 382 733 415 nostris
753 382 1012 423 fructificabant,
1035 397 1108 416 non
1125 383 1215 424 Deo,
1238 384 1298 416 sed

156 442 270 483 morti,
295 443 344 475 illi
369 443 484 484 morti,
508 457 609 488 quam
632 444 727 476 Deus
751 457 823 477 non
847 444 935 477 fecit.
973 446 1075 478 Nunc
1100 459 1190 487 ergo,
1213 445 1299 478 sicut

157 518 236 537 cum
257 505 404 537 moritur
427 505 486 545 vir,
511 505 619 539 libera
644 516 692 539 est
717 516 748 539 et
771 507 926 539 absoluta
943 506 1067 539 mulier
1091 520 1109 539 a
1133 507 1205 549 Iege
1226 506 1298 546 viri,

156 567 201 600 ita
227 577 258 600 ct
279 581 342 599 nos
367 567 465 600 liberi
490 568 567 601 sacti
593 583 707 601 sumus
734 582 750 601 a
775 569 858 611 lege,
887 582 973 613 quae
995 568 1175 601 videbatur
1197 567 1298 601 nobis

157 629 328 663 dominari
361 639 524 675 tanquam
555 630 614 664 vir.
665 630 728 663 Cui
766 630 831 672 legi
861 629 931 662 sine
963 630 1069 663 dubio
1104 630 1205 664 etiam
1235 643 1298 662 nos

155 691 284 725 mortui
308 706 433 732 sumus,
459 702 490 725 et
516 692 617 725 alieni
642 706 659 725 a
685 692 883 726 conditione
908 690 989 738 ejus,
1013 691 1048 724 in
1063 692 1100 737 2)
1124 705 1212 737 „qua
1238 692 1297 725 de-

156 753 381 792 thebarum-:⁴
405 754 487 797 ut3)
514 753 582 800 jam
606 764 683 799 post
708 755 790 787 haec
821 753 1024 794 „serviamus
1047 767 1120 787 non
1143 754 1178 787 111
1201 763 1297 786 vetu-

157 825 239 848 state
264 815 411 854 lhemef‘
435 815 520 849 sicut
534 816 638 861 prius,
663 817 721 849 sed
746 815 801 856 „in
824 815 973 848 novitate
997 815 1171 860 spiritus:“
1196 828 1298 860 quem

157 877 312 922 spiritum
337 890 354 910 a
380 890 506 921 sponso
531 888 649 911 nostro
674 888 837 922 tanquam
860 877 1013 922 nuptiale
1048 878 1169 923 pignus
1202 890 1297 910 acce-

156 939 279 984 pimus,
303 939 389 972 sicut
413 949 444 972 et
467 939 548 972 alibi
574 939 669 973 dicit:
695 939 775 985 „qui
787 939 823 985 ⁴²)
849 939 943 972 dedit
966 940 1066 972 nobis
1082 939 1204 984 pignus
1219 938 1297 983 Spi-

157 1002 272 1034 ritus.“
319 1001 384 1034 Hic
410 1011 457 1035 est
482 1003 569 1034 ordo
596 1001 789 1047 eloquii,⁵)
823 1011 854 1035 et
879 1002 961 1034 haec
986 1000 1177 1047 Apostolici
1203 1014 1298 1033 com-

156 1076 245 1108 pago
271 1062 448 1096 sermonis.
487 1064 556 1096 Sed
581 1077 672 1096 nunc
689 1073 876 1108 repetentes
903 1077 989 1108 quae
1006 1064 1094 1096 dicta
1119 1072 1206 1103 sunt,
1231 1062 1299 1096 dis-

158 1124 324 1157 cutiamus
348 1138 411 1169 per
433 1124 573 1167 singula.
621 1128 696 1165 „An
710 1126 747 1171 ⁶)
772 1125 942 1168 ignoratis,
968 1124 1088 1169 inquit,
1109 1126 1240 1166 fratres,
1255 1147 1299 1154 —

157 1186 341 1220 scientibus
367 1186 456 1220 enim
479 1186 590 1229 legem
614 1187 742 1232 loquor
766 1207 828 1228 ——‚
865 1186 942 1232 quia
978 1187 1030 1219 lex
1056 1186 1300 1231 dominatur7)

157 1249 192 1281 in
218 1248 368 1288 homine,
394 1258 523 1293 quanto
548 1244 705 1294 tempore
727 1249 806 1282 vivit
817 1249 855 1283 ?“
880 1250 1104 1297 Hyperbaton
1123 1249 1235 1282 statim
1262 1247 1298 1280 in

157 1310 328 1356 principio
352 1310 465 1350 habet,
490 1313 584 1355 quod
608 1311 652 1343 ita
678 1311 852 1344 redditur:
875 1311 998 1355 ‚,An⁸)
1021 1309 1200 1351 ignoratis,
1230 1311 1299 1343 fra-

158 1383 235 1412 tres,
263 1371 339 1417 quia
365 1372 419 1405 lex
443 1371 640 1405 dominatur
670 1372 705 1404 111
731 1372 887 1413 homine,
919 1381 1046 1417 quanto
1071 1381 1227 1416 tempore
1250 1371 1299 1404 vi-

158 1434 203 1467 vit
215 1434 252 1467 ?“
278 1443 310 1466 et
333 1442 412 1479 post
435 1434 517 1466 haec
550 1433 706 1467 redditur
728 1434 832 1475 illud,
864 1435 958 1479 quod
988 1434 1024 1466 111
1051 1433 1168 1467 medio
1192 1433 1299 1466 inser-

158 1506 233 1529 tum
261 1505 324 1529 est:
350 1494 552 1535 „scientibus
584 1495 674 1528 enim
706 1496 813 1538 legem
846 1496 1007 1540 quuor.“
1056 1495 1163 1539 Quod
1187 1504 1301 1528 autem

160 1557 259 1591 dixit:
303 1557 506 1597 „scientibus
541 1558 650 1599 legem
686 1558 852 1602 loquor:“
889 1557 998 1590 simile
1030 1566 1078 1590 est
1102 1557 1168 1598 1111,
1207 1558 1300 1602 quod

158 1620 264 1665 paulo
283 1628 361 1664 post
378 1618 474 1651 dicit:
500 1618 644 1659 „scimus
658 1619 693 1665 9)
712 1629 835 1658 autem,
861 1619 1023 1664 quoniam
1044 1620 1096 1652 lex
1119 1618 1300 1664 spiritualis

256 1720 291 1766 ι)
314 1721 415 1753 Rom.
438 1720 530 1760 vm,
557 1711 612 1754 9(

253 1777 290 1822 ²)
314 1778 415 1809 Rom.
440 1775 523 1816 VII,
559 1777 590 1811 6.
629 1797 671 1802 -
703 1776 768 1815 Ed,
801 1778 842 1810 R.
882 1777 954 1810 sola
988 1777 1054 1809 hoc
1085 1777 1181 1808 locot
1208 1775 1289 1816 „de-

159 1823 340 1857 11110111111κ(ι

255 1879 292 1923 ³)
316 1878 408 1911 Edd.
431 1878 585 1912 Merlini:
610 1887 649 1911 ut
672 1887 751 1922 post
773 1877 856 1910 haec
883 1876 953 1923 jam
975 1876 1158 1910 serviamus
1183 1885 1245 1909 etc.

253 1935 290 1980 ⁴)
314 1935 347 1967 Π
373 1934 453 1969 Cor.
478 1935 520 1974 V,
541 1936 572 1970 5.
598 1953 641 1961 -—
667 1934 754 1967 Edd.
779 1933 936 1966 Merlini:
960 1932 1124 1978 spiritum.

255 1992 291 2037 ⁵)
316 1991 407 2029 Edd,
430 1990 586 2023 Merlini:
613 1989 839 2035 eloquentiae,
865 1991 946 2022 haec
971 1988 1162 2033 Apostolici
1187 1997 1247 2022 etc.

255 2047 292 2092 6)
318 2046 409 2079 Alias
439 2046 486 2090 (V.
519 2060 545 2080 c.
570 2047 606 2079 in
639 2048 715 2080 edd.
747 2047 832 2088 M.):
865 2048 955 2085 „Aut
987 2045 1181 2088 ignoratis,“
1206 2045 1300 2090 quod

162 2103 278 2140 postea
303 2091 476 2137 repetitur.
501 2093 543 2124 R.
571 2112 612 2116 —
640 2092 710 2128 Cfr‚
733 2092 833 2124 Rom.
858 2091 934 2131 VII,
959 2092 988 2125 1.

254 2149 290 2194 ⁷)
314 2148 403 2181 Edd.
451 2148 590 2181 Merlini
638 2149 705 2181 hoc
751 2148 847 2181 loco:
891 2147 1114 2192 „dominatur
1160 2145 1300 2186 homini,

164 2199 314 2240 quanto“
344 2203 405 2226 ete.

256 2251 293 2296 Β)
317 2251 419 2283 Rom.
442 2250 519 2290 VII,
544 2251 572 2284 1.
598 2251 677 2284 coll.
702 2265 733 2296 p.
759 2249 829 2297 huj.
852 2249 942 2284 notis
969 2250 1000 2285 6.
1024 2258 1056 2282 et
1082 2249 1112 2283 7.

256 2308 292 2352 9)
315 2307 417 2340 Rom.
442 2306 518 2347 VII,
542 2307 594 2342 14.
