1377 2454
208 81 277 116 252
479 78 656 114 Omsssms
678 89 716 114 m
739 78 803 114 ΕΡ.
824 87 873 113 An
898 79 1078 115 Rommos

209 170 439 209 crediderant,
453 169 488 209 ¹)
507 169 605 203 dicit:
629 169 746 210 „vobis
759 169 795 214 ²)
813 169 904 203 enim
926 169 1003 204 dico
1024 171 1224 205 Gentibus.“
1249 172 1344 216 Quid

208 246 287 274 ergo
319 232 410 265 dicat
441 231 627 272 Gentibus,
663 231 844 266 videamus.
905 233 1151 278 ,‚Quamdiu³)
1203 234 1342 279 quidem

208 308 270 337 ego
295 308 388 333 sum,
420 293 539 338 inquit,
564 294 749 337 Apostolus
776 293 956 334 Gentium,
979 294 1201 329 ministerium
1227 293 1343 328 meum
1374 327 1375 340 ἰ

206 356 448 399 illustrabo,⁴)
483 356 509 388 si
549 369 617 400 quo
640 356 755 388 -modo
797 355 832 387 in
869 357 1133 389 aemulationem
1163 356 1343 390 immittam
1374 374 1377 397 ῃ

207 432 343 451 carnem
367 431 488 457 meam,
513 426 544 450 et
568 417 675 450 salvos
701 417 821 450 faciam
854 417 986 463 aliquos
1016 432 1054 451 ex
1086 418 1184 452 illis.“
1242 419 1344 452 Dicet
1375 408 1377 445 l

206 480 346 524 aliquis:
385 479 479 524 quod
522 478 582 511 ait:
623 478 808 524 „quamdiu
823 478 859 524 ⁵)
900 493 960 522 ego
976 480 1012 524 ⁶)
1051 494 1126 514 sum
1158 481 1343 524 Apostolus

208 542 371 575 Gentium
384 546 413 573 :“
439 541 503 573 hoc
528 540 660 572 videtur
685 542 881 580 ostendere,
910 543 1004 586 quod
1028 556 1100 575 non
1123 555 1256 589 semper
1280 541 1343 574 erit

206 604 394 649 Apostolus
435 602 616 641 Gentium,
655 603 712 634 sed
746 603 917 647 completo
959 603 1164 644 ministerio,
1194 604 1341 637 aliorum

207 665 440 710 quorumlibet
466 664 651 708 Apostolus
682 664 724 697 sit
754 666 898 698 futurus.
945 667 1012 699 Sed
1047 675 1212 710 quantum
1245 675 1277 699 et
1302 679 1340 698 ex

203 727 307 772 ipsius
332 727 564 765 sermonibus,
595 735 626 758 et
651 740 687 758 ex
713 740 826 758 rerum
853 737 1019 768 gestarum
1052 728 1185 760 ratione
1209 727 1339 770 colligi-

202 798 269 828 tur,
295 788 457 833 quamdiu
482 787 516 819 in
541 789 606 820 hoc
634 789 764 820 mundo
790 788 872 827 suit,
909 788 1132 832 permansisse
1155 789 1190 822 in
1215 789 1283 822 fide
1307 799 1340 822 et

201 851 340 883 veritate
365 850 550 894 Apostolus
577 849 739 881 Gentium
765 852 1019 894 comprobatur.
1063 850 1157 893 Quid
1180 863 1259 892 ergo
1286 851 1337 883 di-

203 912 340 946 cemus?
366 913 456 944 Num
472 910 634 955 quidnam
653 920 814 955 tanquam
840 925 952 944 servus
976 912 1087 944 bonus
1113 922 1145 944 et
1168 912 1287 952 fidelis,
1302 912 1339 957 ⁷)

203 974 262 1019 qui
284 974 319 1006 in
344 972 458 1017 paucis
482 972 638 1015 fueratss)
664 972 782 1011 fidelis,
805 972 931 1005 sciebat
950 986 985 1005 se
1005 987 1107 1017 super
1120 974 1228 1006 multa
1253 988 1336 1006 cou—

201 1036 431 1074 sumendum,
470 1044 499 1066 ct
531 1034 735 1077 Apostolum
768 1036 922 1066 futurum
960 1034 1059 1067 etiam
1094 1044 1172 1079 post
1211 1035 1336 1068 exitum

201 1112 302 1131 suum
326 1110 397 1129 non
422 1096 533 1128 solum
561 1094 741 1134 Gentium,
774 1097 832 1128 sed
859 1105 890 1128 et
914 1095 1161 1136 Israelitarum,
1197 1106 1229 1129 et
1252 1096 1337 1129 alio-

200 1174 276 1192 rum
301 1157 451 1192 fortassis
483 1156 700 1189 invisibilium
728 1156 794 1196 ibi,
824 1157 883 1189 ubi
914 1157 1169 1203 benedicunt⁹>
1202 1158 1335 1203 spiritus

200 1232 234 1255 et
257 1221 387 1254 animae
411 1219 578 1265 justorum
595 1218 795 1259 Dominum,
821 1220 985 1265 hymnum
1011 1219 1137 1259 dicunt,
1162 1229 1193 1252 et
1218 1234 1336 1264 super-

199 1285 343 1317 exaltant
370 1295 447 1314 euni
472 1281 507 1312 in
531 1280 687 1313 saecula?
713 1282 766 1313 An
790 1281 902 1325 potius
924 1280 1120 1325 simpliciter
1135 1281 1261 1314 dictum
1277 1281 1334 1327 ¹⁰)

200 1346 363 1377 debemus
379 1343 546 1387 accipere:
571 1342 756 1386 „quamdiu
775 1343 781 1360 ¹
799 1343 830 1386 ¹)
849 1357 909 1385 ego
935 1357 1009 1375 sum
1027 1343 1212 1387 Apostolus
1239 1344 1333 1375 Geu—

198 1406 325 1439 tium:“
356 1406 439 1437 sicut
464 1414 496 1437 et
520 1403 691 1436 Dominus
717 1405 758 1436 ad
781 1405 966 1448 Apostolos
985 1404 1081 1436 dicit:
1105 1404 1229 1448 ,‚et¹²)
1255 1418 1333 1438 ecce

199 1482 260 1510 ego
284 1467 457 1499 vobiscum
484 1479 557 1498 sum
583 1465 742 1498 omnibus
769 1465 897 1504 diebus,
917 1478 1024 1509 usque
1048 1466 1090 1498 nd
1116 1479 1330 1499 consumma—

196 1531 326 1563 tionem
350 1528 521 1561 saeculi?“
544 1541 614 1560 non
648 1529 741 1571 quod
767 1527 873 1566 dicat,
903 1541 937 1559 se
961 1536 1038 1570 post
1062 1527 1328 1560 consummatio-

197 1605 276 1625 nem
300 1590 423 1625 saeculi
454 1604 526 1622 non
550 1591 704 1622 futurum
729 1602 806 1621 cum
832 1588 885 1621 iis:
911 1589 970 1621 sed
994 1597 1031 1620 ut
1062 1590 1270 1629 ostenderet,
1295 1603 1330 1622 se

293 1708 327 1749 ¹)
354 1708 441 1741 Edd.
467 1706 622 1740 Merlini:
650 1705 876 1738 crediderunt.
971 1705 1008 1749 ²)
1031 1706 1132 1739 Rom.
1154 1706 1216 1745 XI,
1241 1706 1293 1740 13.

290 1764 327 1808 3)
352 1765 454 1797 Rom.
478 1764 541 1803 ΧῘ,
567 1764 618 1799 13.
646 1764 697 1798 14.

290 1820 325 1862 ¹²)
352 1821 439 1852 Edd.
470 1820 519 1852 M.
552 1828 583 1851 et
614 1819 655 1851 R.
690 1820 755 1851 hoc
788 1818 883 1855 loco,
908 1817 965 1849 cfr.
990 1829 1063 1860 pag.
1089 1818 1165 1851 251.
1190 1829 1259 1851 not.
1284 1821 1328 1858 3.,

196 1877 233 1899 ut
257 1879 319 1898 nos
344 1865 378 1897 in
405 1875 503 1897 [extu.

289 1922 325 1959 ⁵)
351 1922 451 1952 Rom.
477 1920 536 1957 XI,
564 1921 614 1953 13.
709 1919 746 1962 6)
770 1919 874 1950 Deest
898 1923 1003 1959 „ego“
1028 1918 1061 1950 in
1088 1920 1162 1952 edd.
1188 1919 1238 1951 M.

289 1977 325 2020 ⁷)
350 1976 418 2008 Csr.
444 1975 562 2007 Matth.
588 1976 698 2014 XXV,
721 1976 774 2009 23.
869 1973 906 2018 ⁸)
930 1975 1018 2007 Edd.
1036 1974 1190 2007 Mes-lini:
1213 1976 1324 2007 fuerit.

288 2029 324 2076 ⁹)
352 2032 420 2064 Csr.
445 2032 532 2064 Dan.
556 2032 612 2069 Ill,
637 2031 690 2065 86.

268 2089 324 2129 10)
350 2088 571 2121 Desideratur
612 2087 647 2119 in
691 2097 787 2120 antea
831 2086 926 2119 editis
974 2086 1021 2131 (v.
1059 2100 1085 2118 c.
1128 2088 1201 2119 edd.
1237 2087 1322 2129 Μ.);

195 2136 377 2176 ,‚di‹:tum.“
402 2134 440 2166 R.

268 2180 324 2219 Η)
349 2180 449 2211 Rom.
474 2178 534 2216 XI,
561 2179 612 2212 13.

269 2235 323 2280 12)
349 2236 470 2267 Μεηὼ.
509 2233 678 2274 XXVIII,
706 2234 759 2268 20.
792 2253 831 2259 —
864 2233 902 2265 ln
937 2233 1013 2266 edd.
1045 2232 1093 2265 M.
1125 2231 1216 2263 deest
1248 2234 1322 2270 „ew

195 2292 272 2315 ante
297 2285 423 2322 „ccce.“
