1392 2464
151 531 432 575 ORIGENIS
473 529 1063 573 COMMENTARIORUM

588 642 624 664 m

379 721 835 755 EPISTOLAM

39 828 229 874 BEATI
263 827 453 873 PAULI
483 827 703 872 APOST.
735 827 820 871 AD
854 824 1172 872 ROMANOS

448 935 647 976 LIBER
691 937 762 977 Vl.

43 1172 72 1204 1·
89 1195 108 1210 n
138 1140 242 1209 Non
258 1177 292 1221 ¹)
318 1190 395 1219 ergo
416 1187 530 1219 regnet
548 1186 725 1221 peccatum
745 1177 779 1209 in
805 1186 912 1210 vestro
938 1177 1073 1209 mortali
1099 1189 1174 1208 cor-

42 1254 142 1285 pore,
168 1240 258 1284 ad2)
284 1240 516 1272 obediendum
542 1240 715 1272 desideriis
741 1240 830 1285 ejus,
859 1253 969 1283 neque
995 1240 1175 1272 exhibeatis

41 1302 195 1334 membra
219 1309 325 1333 vestra
352 1314 443 1333 arma
469 1301 654 1345 iniquitatis
669 1310 830 1345 peccato:
856 1302 913 1333 sed
940 1301 1093 1333 exhibete
1116 1315 1175 1334 vos

42 1365 119 1396 Deo
145 1372 306 1407 tanquam
333 1375 369 1395 ex
394 1362 536 1395 mortuis
562 1362 727 1402 viventes,
757 1372 788 1395 et
812 1364 966 1395 membra
989 1373 1097 1395 vestra
1122 1376 1176 1395 m·-

40 1439 96 1458 ma
120 1424 264 1470 justitiae
288 1424 376 1457 Deo.
423 1424 605 1457 Peccatum
639 1424 728 1456 enim
758 1423 854 1457 vobis
885 1438 957 1456 non
983 1423 1176 1457 dominabi-

41 1496 114 1519 tur:
139 1499 210 1518 non
237 1485 326 1518 enim
352 1487 413 1518 suh
439 1486 512 1528 lege
537 1485 623 1525 estis,
649 1487 707 1518 scd
733 1487 795 1518 sub
822 1485 957 1527 gratin.“
1011 1486 1050 1517 In
1075 1499 1174 1530 supe-

42 1547 188 1580 rioribus
214 1547 274 1579 ait:
300 1546 454 1591 „sicut³)
479 1547 627 1589 regnavit
646 1557 823 1592 peccatum
847 1547 882 1579 in
901 1551 1043 1579 morte.“
1076 1548 1176 1579 Nunc

41 1618 154 1642 autem
186 1622 257 1641 non
289 1608 387 1641 dixit:
419 1622 490 1641 non
521 1622 599 1651 crgo
629 1618 744 1651 regnet
774 1617 952 1653 peccatum
990 1608 1024 1640 in
1049 1618 1178 1647 morte;

41 1671 100 1703 sed
133 1670 194 1702 ait:
227 1683 320 1709 „non
331 1669 368 1714 ⁴>
395 1683 473 1712 ergo
506 1680 622 1712 regnet
646 1679 820 1715 peccatum
846 1669 881 1702 in
905 1679 1015 1703 vestro
1040 1669 1177 1702 mortali

44 1745 201 1777 corpore,
226 1733 269 1764 ad
284 1731 318 1776 ⁵)
338 1732 569 1764 obediendum
591 1732 764 1764 desideriis
781 1731 891 1777 ejus:“
917 1734 1042 1765 docens
1067 1731 1175 1775 pere)

42 1794 117 1834 hoc,
142 1794 256 1827 sedem
282 1794 454 1838 quandam
480 1802 512 1826 et
536 1807 677 1836 regnum
695 1803 873 1838 peccatum
898 1794 1024 1826 habere
1046 1792 1081 1825 in
1099 1806 1174 1825 cor—

136 1887 171 1932 ι)
197 1888 297 1921 Rom.
322 1888 379 1928 VI,
406 1889 456 1924 12.
483 1889 534 1923 13.
561 1888 612 1922 14.

135 1944 173 1986 ²)
199 1943 254 1977 Sic
278 1944 359 1977 Mss.
383 1945 476 1977 Editi
500 1958 579 1978 vero
605 1945 652 1988 (e.
679 1959 705 1977 c.
731 1944 807 1978 cdd.
832 1945 916 1987 ΜΛ)
950 1953 1010 1984 „ut
1035 1942 1173 1975 obedia-

43 1988 84 2020 tis
109 1988 388 2032 concupiscentiis
414 1989 517 2036 ejus.“
542 1991 581 2022 R.
606 2009 648 2015 ——-
675 1990 744 2023 Csr.
768 2003 842 2034 pag.
868 1989 936 2036 huj.
959 1998 1030 2021 not.
1055 1990 1086 2022 5.

134 2043 171 2087 ³)
195 2044 295 2079 Rom.
319 2046 360 2085 V,
385 2047 438 2080 21.
533 2045 569 2090 ¹²)
594 2046 694 2078 Rom.
718 2047 776 2086 VI,
803 2047 855 2081 12.

138 2099 173 2141 ⁵)
196 2099 285 2132 Edd.
308 2101 357 2133 M.
382 2102 447 2134 hoc
471 2102 561 2143 loco,
586 2103 644 2135 cfr.
674 2115 747 2146 pag.
771 2101 841 2147 huj.
866 2103 897 2136 2.
920 2102 985 2142 „ad
1011 2100 1174 2134 obedien-

45 2144 128 2176 dum
153 2144 324 2178 desideriis
349 2145 451 2191 ejus.“

138 2198 175 2242 ὃ)
198 2199 292 2232 Editi
316 2201 361 2242 (v.
387 2215 413 2234 c.
439 2203 514 2235 edd.
538 2203 624 2247 M.):
649 2216 732 2249 „per
756 2204 838 2236 haec
861 2204 977 2236 sedem
1003 2202 1175 2247 quandam

47 2257 186 2286 regnum
211 2245 339 2289 peccati
363 2247 506 2279 habere“
533 2257 592 2281 etc.
616 2249 659 2286 R,

48 2304 225 2341 Oamems
250 2305 389 2343 OPERA,
420 2307 517 2343 ΤοΜ.
541 2308 614 2342 VII.
958 2309 978 2342 1
