1377 2454
225 105 294 142 228
499 104 676 139 ORJGENIS
701 113 740 139 m
762 105 825 139 ΕΡ.
848 111 896 139 An
923 104 1103 141 Romans

226 196 294 230 sint
317 195 439 235 Israel,
466 196 525 228 sed
550 196 630 240 quia
654 195 822 228 increduli
847 195 984 236 fuerint,
1008 197 1071 231 ait:
1096 209 1188 236 „non
1204 195 1241 239 ⁷¹)
1265 209 1368 242 repu-

226 257 265 291 lit
289 257 382 290 Deus
406 257 542 301 plebem
565 270 672 297 suam,
697 271 798 302 quam
814 258 1020 301 praescivit.“
1056 259 1100 290 Et
1125 267 1161 290 ut
1178 259 1245 291 hoc
1268 271 1368 302 prae-

225 319 311 352 senti
336 319 499 363 probaret
524 319 698 362 exemplo,
732 318 921 363 subjungit:
946 333 1046 359 „nam
1059 319 1096 363 ²)
1121 329 1152 351 et
1176 332 1238 360 ego
1264 320 1370 352 Israe-

228 379 285 412 lita
310 394 384 413 sum
412 393 449 413 ex
474 381 603 413 semine
630 381 826 420 Abrahami,
852 389 884 412 et
907 380 998 412 tribu
1024 379 1238 425 Beniamin,“
1263 390 1294 414 et
1317 391 1368 414 ta-

226 455 306 474 men
332 442 433 474 fidem
459 442 539 474 Jesu
566 443 694 480 decen,
722 451 752 474 et
778 441 966 480 annuntio,
998 442 1076 486 quia
1101 442 1172 486 ipsc
1197 452 1244 475 est
1269 442 1370 476 Chri-

224 513 301 537 stus.
351 503 456 546 Quod
482 503 510 536 si
535 503 619 536 mihi
643 517 714 536 non
742 502 863 542 obtuit,
889 503 968 546 quia
993 517 1067 535 sum
1086 503 1232 536 Israelita
1258 516 1294 536 ex
1318 517 1370 537 se-

226 565 319 599 mine
344 566 538 605 Abraham,
570 565 754 609 quominus
788 564 922 598 Christo
958 565 1149 604 crederem,
1186 574 1278 598 etex
1302 566 1370 598 fide

229 627 300 671 ejus
326 626 544 673 justificarer,
575 636 704 659 certum
734 636 796 666 est,
829 625 906 671 quia
939 627 1081 670 „non³)
1116 627 1241 671 repulit
1276 627 1370 660 Deus

224 689 361 734 plebem
399 702 512 726 suam,
562 700 663 731 qnam
705 687 913 731 praescivit.“
977 687 1167 730 Quomodo
1180 686 1216 731 ⁴)
1257 697 1368 721 autem

227 763 336 794 „qnos
363 748 548 794 praescivit,
573 748 649 781 illos
677 758 707 781 et
731 748 879 789 vocavit3
905 758 936 781 et
961 762 1046 793 quos
1071 749 1211 789 vocavit,
1236 749 1312 783 illos
1339 758 1370 782 et

225 810 448 856 justificavit‚⁸‘
484 824 586 855 supra
626 809 692 854 jam
733 810 859 843 dictum
898 819 960 843 cst:
1002 820 1033 843 et
1070 812 1164 855 quod
1201 812 1370 856 praescire

226 873 340 911 Deus,
359 873 395 915 ⁵)
428 885 497 905 non
530 880 659 903 tantum
696 885 922 916 praenoscere
952 873 1083 912 sutura,
1118 892 1159 898 —·
1187 875 1283 917 quod
1306 886 1370 905 nec

228 934 378 968 dubitari
403 942 514 978 potest
540 952 593 971 —,
616 933 675 965 sed
700 933 858 976 probare,
886 943 917 966 et
941 934 1076 967 scientia
1100 947 1158 967 sua
1181 933 1279 976 digna
1307 935 1370 966 du·-

231 1008 326 1034 cere‚
359 995 392 1027 in
421 994 602 1038 Scripturis
628 1004 788 1038 ponatur.
835 996 963 1028 Verum
988 994 1080 1040 ne5)
1106 1009 1250 1040 parvum
1277 995 1370 1028 vide-

230 1066 343 1094 retur,
379 1057 473 1100 quod
501 1056 656 1099 exemplo
680 1056 732 1088 sui
760 1069 830 1088 non
858 1069 925 1089 esse
949 1058 1119 1100 repulsam
1143 1057 1279 1101 plebem
1303 1056 1370 1088 Dei

232 1117 377 1149 docebat
404 1117 606 1160 Apostolus,
636 1117 801 1149 validiora
834 1117 975 1161 requirit
1003 1118 1172 1162 exempla,
1211 1127 1241 1150 et
1271 1118 1369 1151 dicit:

228 1177 341 1220 ‚,an⁷)
366 1178 500 1211 nescitis
525 1177 558 1210 in
584 1178 659 1210 Elia
686 1178 767 1222 quid
802 1178 882 1211 dicit
906 1178 1104 1223 Scriptura?
1140 1178 1370 1223 quomodo⁸)

226 1240 420 1283 interpellat
454 1240 568 1271 Deum
607 1241 782 1273 adversum
819 1240 958 1273 lsrael:“
992 1240 1252 1284 ‚‚„D0mine,⁹)
1285 1254 1368 1285 pro-

229 1302 348 1346 phetas
373 1311 450 1333 tuos
477 1301 685 1341 occiderunt,
712 1302 827 1334 altaria
853 1311 907 1333 ma
925 1303 1150 1340 suffoderunt,
1176 1311 1208 1334 et
1232 1315 1292 1343 ego
1317 1315 1370 1334 re-

225 1363 322 1395 lictus
346 1377 418 1395 sum
444 1364 546 1401 solus,
571 1372 601 1395 et
626 1371 795 1406 quaerunt
819 1366 967 1396 animam
991 1368 1166 1396 meam.““
1206 1364 1295 1403 „Sed
1313 1362 1369 1406 ¹⁰)

323 1472 358 1518 ¹)
384 1473 486 1505 Rom.
511 1474 570 1513 Xl,
594 1475 625 1507 2.
653 1493 694 1498 -
720 1473 807 1506 Edd.
830 1473 986 1506 Merlini:
1011 1474 1176 1518 praesciit.

320 1529 357 1571 ²)
383 1528 482 1562 Rom.
506 1530 566 1569 XI,
591 1530 622 1564 1.
648 1549 689 1555 —-
715 1529 804 1563 Edd.
822 1528 980 1562 Merlini:
1006 1530 1048 1562 de
1064 1530 1155 1562 tribu
1174 1528 1368 1575 Beniamin.

321 1586 357 1624 ³)
384 1585 483 1618 Rom.
510 1585 569 1623 Xl,
594 1587 625 1618 2.

322 1641 357 1685 ⁴)
382 1641 470 1674 Edd.
497 1641 652 1674 Merlini:
677 1641 892 1684 „Quomodo
922 1650 1032 1673 autem
1054 1642 1140 1680 illos,
1165 1655 1252 1685 quos
1269 1628 1372 1685 prae--

227 1686 330 1725 scivit,
357 1696 388 1718 et
412 1686 553 1726 vocavit,
580 1696 611 1719 et
636 1692 743 1731 quos“
770 1696 828 1718 cte.
854 1706 894 1711 —
924 1686 993 1718 Cfr.
1019 1685 1118 1718 Rom.
1143 1687 1233 1726 VIII,
1257 1688 1311 1721 30.

324 1741 359 1784 ⁵)
384 1742 476 1774 Editi
507 1743 553 1786 (e.
585 1757 612 1775 c.
636 1743 712 1774 edd.
738 1742 823 1785 M.):
848 1742 1004 1780 ,‚Deum‚
1028 1755 1098 1774 non
1127 1746 1279 1774 tantum“
1306 1750 1365 1774 etc.

230 1788 359 1820 Omnes
385 1787 463 1820 Mss.
489 1788 612 1820 nostri:
638 1788 763 1827 ,‚Deus,
788 1800 859 1819 non
885 1790 975 1819 tam“
1001 1795 1059 1818 etc.
1087 1786 1123 1818 R.

326 1843 362 1887 ⁶)
387 1842 478 1875 Editi
504 1842 550 1885 (v,
578 1857 603 1874 c.
630 1844 705 1875 edd.
730 1842 812 1886 M.):
838 1855 901 1881 „ne
923 1855 1045 1886 parum
1067 1842 1249 1882 videretur,
1273 1842 1366 1886 quod

230 1889 384 1932 exemplo
410 1893 493 1920 su0“
520 1897 579 1919 cte.
606 1888 645 1921 R.

323 1943 359 1986 ⁷)
384 1943 483 1976 Rom.
510 1943 570 1982 Xl,
594 1944 625 1976 2.
652 1944 681 1977 3.
706 1942 736 1975 4.

322 1999 360 2041 ⁶)
386 1999 472 2031 Edd.
497 1998 653 2031 Merlini:
680 1999 970 2042 quemadmodum
998 1997 1239 2042 interpellabat
1263 2008 1323 2032 etc.

323 2052 358 2098 9)
384 2054 399 2085 Ι
424 2052 524 2094 Regg.
561 2054 657 2093 XIX,
696 2055 748 2088 10.
787 2063 819 2086 et
854 2053 906 2086 14.
945 2053 1012 2098 (ΙΙΙ
1052 2054 1181 2097 Regg.).
1217 2074 1258 2079 ——
1298 2053 1366 2086 Cfr.

233 2098 334 2131 Rom.
359 2099 418 2138 XI,
442 2099 472 2132 3.

306 2153 361 2196 ¹⁰)
386 2155 517 2186 Verba:
542 2153 632 2193 „Sed
659 2152 742 2197 quid
768 2154 847 2187 dicit
871 2153 920 2186 illi
945 2167 1145 2198 responsum
1168 2154 1314 2188 divinum
1328 2152 1365 2185 ?“

231 2199 265 2232 in
281 2199 360 2232 Mss.
383 2198 504 2231 nostris
528 2211 598 2230 non
626 2208 833 2243 comparent.
849 2199 887 2231 R.
910 2219 952 2224 —
972 2199 1010 2231 In
1037 2201 1111 2232 edd.
1136 2200 1184 2231 Μ.
1209 2199 1291 2230 haee
1319 2199 1365 2230 le-

230 2252 372 2284 guntur:
406 2243 496 2283 „Sed
527 2244 609 2288 quid
642 2243 723 2277 dicit
755 2244 905 2279 divinum
942 2243 1183 2289 responsum?“
1218 2263 1259 2269 --
1295 2242 1364 2276 Csr.

228 2289 329 2322 Rom.
352 2289 414 2330 XI,
436 2288 467 2322 4.
