1320 2444
319 42 675 77 COMMENTARIORUM
700 40 773 74 Lm.
797 40 842 74 X.
1083 43 1151 79 375

16 135 96 179 εει)
127 134 199 179 ipso
223 132 259 166 in
282 133 353 167 aliis
387 133 485 167 dicit:
518 130 671 174 ‚,sicut²)
703 139 735 164 et
765 142 845 173 ego,
876 131 1004 177 inquit,
1035 132 1149 166 omni-

14 196 123 240 bus³)
158 208 221 240 per
244 195 359 228 omnia
384 196 524 240 placeo,
554 205 627 226 non
653 204 817 236 quaerens
842 194 936 237 quod
960 193 1045 228 mihi
1067 194 1152 228 utile

13 259 62 299 sit,
84 258 143 291 sed
168 258 262 301 quod
295 256 442 290 multis.“
495 255 577 288 Ideo
603 253 694 286 enim
721 252 802 297 et⁴)
834 267 911 287 cum
946 264 1029 288 esset
1052 256 1151 300 Apo·-

12 320 114 354 stolus
139 317 280 358 Christi,
318 317 469 362 fiebatf‘)
499 315 636 351 Judaeis
667 315 837 356 Judaeus,
871 314 943 349 sine
974 316 1081 350 dubio
1114 325 1151 350 ut

12 381 147 425 placens
170 379 309 413 Judaeis
340 380 482 413 salvaret
507 391 580 412 eos:
614 386 646 410 et
675 377 746 417 his,
770 377 829 422 qui
852 377 924 411 sine
947 378 1021 419 lege
1044 387 1151 418 erant,

12 443 113 475 fiebat
138 450 168 474 et
191 440 263 486 ipse
287 440 359 474 sine
382 442 470 483 lege,
508 450 545 473 ut
567 441 705 484 placens
736 438 775 471 iis
797 440 906 472 salvos
930 440 1056 472 faceret
1083 452 1150 473 eos.

11 501 199 545 Placere⁶)
237 511 349 535 autem
384 515 419 534 se
450 501 647 534 hominibus
671 500 716 534 ita
743 499 842 541 dicit,
878 514 949 534 non
981 502 1151 534 obsecun-

12 565 127 597 dando
152 563 256 603 vitiis,
291 564 351 596 sed
375 563 586 597 infirmitates
618 575 738 595 eorum
764 574 826 605 per
858 561 1056 607 patientiam
1077 575 1149 596 sus-

10 626 185 658 tentando.
247 625 317 659 Sed
364 638 407 658 ne
448 625 534 658 illud
574 623 713 668 quidem
748 623 856 657 otiose
889 633 1150 668 praetereamus,

10 689 103 732 quod
130 687 192 720 ait:
227 701 328 727 „nam
343 686 378 732 ⁷)
417 686 475 731 qui
498 686 534 719 in
568 686 669 725 hoc,“
704 683 821 730 11003)
847 694 911 725 cst,
946 685 981 718 in
1018 685 1150 730 Spiritu

7 757 136 788 sancto,
158 748 257 782 servit
279 747 451 788 „Clu-isto,
474 748 586 792 placet
611 747 701 787 Deo,
727 756 758 780 et
780 747 946 791 probatus
966 756 1013 780 est
1036 746 1149 780 homi-

8 809 139 843 nibus.“
185 810 224 842 In
250 809 379 854 Spiritu
404 819 520 844 sancto
547 808 682 844 Christo
716 809 840 842 servire
869 809 1058 842 secundum
1081 809 1150 842 hoc

9 871 99 911 dicit,
124 872 219 915 quod
232 871 269 915 ⁹)
296 880 327 904 et
351 870 432 904 alibi
456 871 517 904 ait:
543 870 738 914 ‚,uem0¹⁰)
771 870 853 903 dicit
873 869 1067 903 Dominum
1091 871 1151 904 Je-

8 946 99 972 sum,
129 932 194 965 nisi
223 933 257 966 in
291 933 419 976 Spiritu
443 937 595 965 sancto.“
642 931 822 975 Servit¹¹)
847 944 925 972 ergo
953 931 1089 964 Christo
1114 932 1149 966 in

10 993 140 1038 Spiritu
163 994 234 1038 ipse
257 993 394 1034 Paulus,
419 994 477 1038 qui
497 1003 633 1038 accepta
650 993 754 1034 gratia
778 992 886 1025 sancti
910 992 1056 1038 Spiritus
1081 1006 1151 1027 ser-

9 1055 55 1087 vit
86 1056 189 1087 verbo
223 1054 307 1094 Dei,
349 1055 448 1087 servit
479 1054 679 1100 sapientiae,
721 1053 820 1087 servit
844 1053 1006 1099 justitiae,
1056 1064 1087 1087 et
1111 1068 1150 1088 0-

9 1117 145 1150 mnibus
179 1116 279 1149 simul
320 1115 513 1156 virtutibus,
560 1129 648 1160 quae
685 1114 838 1149 Christus
874 1129 943 1149 esse
978 1129 1151 1150 memora-

104 1271 138 1314 Ι)
161 1269 384 1304 Desideratur
407 1274 483 1310 „sc“
508 1269 541 1302 in
569 1270 645 1303 cdd.
670 1269 719 1302 M.

102 1326 139 1370 ²)
163 1327 179 1359 Ι
205 1326 284 1359 Cor.
309 1327 353 1366 X,
376 1327 432 1361 33.

102 1383 138 1427 ³)
164 1383 254 1416 Edd.
281 1383 435 1416 Merlini:
460 1395 523 1427 per
547 1381 664 1415 omnia
690 1380 887 1414 hominibus
911 1383 1033 1427 placeo
1060 1393 1122 1417 cte.

104 1438 139 1482 4)
164 1440 267 1472 Deest
290 1443 362 1478 „2:1¹⁴
388 1439 423 1472 in
449 1439 525 1472 edd.
550 1437 599 1469 M.

104 1494 140 1537 ⁵)
165 1494 234 1527 Cfr.
260 1495 275 1526 I
300 1493 378 1527 Cor.
403 1494 463 1534 IX,
488 1496 541 1528 20.
567 1494 622 1527 21.

105 1550 141 1593 ⁶)
169 1550 221 1582 Sic
248 1550 330 1583 Msc.
356 1550 435 1591 Reg.
459 1563 552 1583 num.
579 1549 676 1583 1639.
703 1549 815 1583 Ceteri
839 1563 921 1583 vero
949 1551 1048 1590 Mss„
1082 1551 1149 1583 Ra-

9 1596 127 1633 banus,
153 1605 184 1627 et
209 1595 308 1628 editi:
333 1594 493 1633 „Placere
527 1604 639 1628 autem
665 1595 862 1628 hominibus
885 1595 929 1628 ita
955 1595 1053 1634 dicit,
1076 1610 1150 1629 non

11 1641 219 1672 obsectando
256 1640 332 1673 vitia
369 1641 430 1683 (al.
463 1651 536 1672 non
578 1639 807 1672 obsectanda
840 1641 960 1676 vitia;
1000 1641 1040 1672 al.
1075 1653 1150 1674 non

13 1684 234 1718 oblectando
261 1686 397 1726 vitiis),
421 1686 501 1717 se‹l“
538 1694 597 1717 etc.
623 1685 662 1716 R.
689 1704 731 1710 —
756 1685 845 1717 Edd.
870 1684 1026 1717 Merlini:
1050 1686 1151 1725 „Pla-

12 1744 87 1762 cere
112 1739 225 1763 autem
258 1730 339 1763 dicit
371 1730 415 1762 ita
453 1729 668 1769 hominibus,
705 1742 777 1762 non
818 1730 1027 1763 obsectando
1062 1730 1151 1771 vitia,

11 1776 91 1807 scd“
118 1784 179 1808 etc.

107 1831 143 1873 ⁷)
166 1831 258 1864 Editi
293 1832 339 1876 (v.
365 1845 391 1864 c.
417 1833 468 1865 ed.
494 1832 542 1864 M.
568 1831 628 1873 I.):
664 1845 763 1870 „nam
790 1832 846 1876 qui
870 1833 905 1866 in
931 1833 998 1865 hoc
1024 1842 1086 1872 est,
1113 1833 1149 1865 in

14 1875 140 1919 Spiritu
164 1885 281 1909 sancto
305 1876 412 1916 servit,
437 1879 546 1920 placet
566 1877 654 1916 Deo,
676 1877 840 1921 probatus
857 1878 1074 1912 hominib-us“
1090 1888 1150 1911 etc.

16 1920 53 1954 R.
81 1941 121 1946 -
148 1921 217 1953 Cfr.
243 1921 342 1954 Rom.
368 1922 461 1962 XIV,
488 1923 540 1957 18-

105 1977 142 2020 3)
167 1977 232 2010 Ed.
257 1978 304 2011 Μ.
329 1979 378 2011 II:
405 1979 441 2011 id
467 1988 520 2011 cst.

107 2032 143 2074 ⁹)
168 2032 249 2066 Msc.
276 2035 355 2074 Reg.
381 2048 475 2067 num.
501 2035 596 2070 1639.
622 2036 739 2079 „quod
764 2043 795 2067 ct
818 2033 899 2067 alibi
924 2034 1020 2067 dixit:
1046 2048 1149 2067 nemo

16 2076 106 2115 dicit,
131 2077 304 2111 Dominus
328 2082 443 2112 Jesus“
470 2089 528 2115 etc.
553 2080 593 2112 R.

88 2133 144 2176 ιο)
170 2133 183 2164 1
210 2133 290 2167 cor.
315 2135 393 2175 ΧΠ,
415 2137 447 2170 3.

71 2189 143 2240 ¹¹¹¹)
169 2189 258 2222 Edit}
291 2190 338 2235 (ν.
366 2205 392 2224 c.
418 2193 494 2224 edd.
520 2192 605 2235 Μ.);
639 2192 769 2230 „Servit
800 2202 912 2226 autem
947 2190 1083 2225 Christo
1117 2190 1149 2223 in

17 2234 147 2278 Spu-itu
173 2234 243 2279 ipse
267 2235 399 2277 Paulus,
425 2236 525 2281 quia“
550 2246 610 2271 etc.
638 2237 677 2270 R.
