1377 2454
158 86 203 120 14
428 85 606 119 Omen-ms
628 96 665 119 m
690 86 751 120 Ep,
774 95 821 120 An
847 86 1027 122 Rommos

158 189 229 210 esse
259 175 442 209 videamur.
498 176 684 221 Propterea
721 189 800 220 ergo
834 177 975 211 dicitur:
1013 178 1114 223 ‚‚si¹)
1156 178 1228 225 quis
1262 192 1297 213 se

156 247 254 284 putat
278 238 481 280 cognovisse,
505 239 663 272 nondum
677 238 845 281 cognovit,
871 241 1164 284 quemadmodum
1192 254 1296 286 opor-—

155 310 225 333 teat
248 300 364 333 scire.“
407 300 621 345 Fortassis2)
654 300 745 334 enim
774 301 876 334 etiam
907 301 1020 347 ipsum
1046 303 1201 336 Verbum
1218 303 1296 344 Dei,

155 363 343 396 secundum
375 363 458 403 hoc,
492 363 587 407 quod
621 364 797 403 „Verbum
811 363 848 409 ³)
890 377 968 397 caro
1006 365 1134 398 factum
1167 374 1234 404 est,
1264 374 1298 398 ct

154 424 317 458 habitavit
345 424 380 457 in
411 424 549 465 nobis,“
580 424 677 457 aliter
708 425 744 457 in
777 425 945 470 praesenti
969 425 1056 459 vitae
1079 435 1176 466 statu,
1201 426 1298 459 aliter

154 500 232 519 cum
255 486 441 530 venerit,‘²)
467 487 561 532 quod
585 488 775 531 perfectum
800 497 858 527 est,
874 497 1116 530 cognoscetur:
1144 497 1176 521 et
1200 487 1298 521 aliter

156 562 249 581 nunc
273 548 308 580 in
333 550 444 581 forma
469 548 570 588 servi,
605 558 688 581 tunc
722 562 802 582 vero
833 549 931 582 aliter
958 549 994 582 in
1025 551 1138 583 forma
1161 549 1239 589 Dei,
1265 558 1298 582 et

152 611 189 644 in
228 610 336 644 Patris
380 610 582 655 aequalitate
616 610 787 645 sentietur.
848 610 918 644 Pro
958 611 1080 656 quibus
1126 611 1297 651 omnibus,

152 673 205 705 vel
230 672 334 717 ,‚in⁵)
358 673 469 705 forma
495 671 702 713 doctrinae,“
732 682 770 706 ut
799 673 987 718 Apostolus
1020 672 1117 714 dicit,
1149 682 1181 706 ct
1205 686 1294 705 non-

154 735 237 768 dum
262 734 297 768 in
322 734 394 779 ipsa
420 734 594 775 doctrina,
628 735 680 767 vel
706 735 764 775 „in
777 734 814 780 ⁶)
838 736 961 768 umbra
988 734 1151 775 Christi,‘⁸
1174 743 1213 767 ut
1235 735 1295 767 Je-

152 797 274 830 remias
298 796 496 837 nominavit,
521 806 553 829 et
576 798 733 830 nondum
765 797 800 829 in
824 796 899 841 ipso
927 797 1081 837 Christo,
1111 796 1223 829 vivere
1245 795 1295 828 vi-

151 859 274 891 demur
296 858 385 891 inter
411 858 546 893 Gentes.
598 858 819 903 „Liberati⁷)
853 868 965 892 autem
991 872 1010 891 a
1033 867 1185 903 peccato,
1209 857 1296 891 servi

149 920 229 954 facti
260 920 335 953 estis
367 919 544 965 justitiae.“
600 920 777 966 Expositio
807 930 856 954 est
884 920 920 954 in
952 920 1002 953 his
1040 933 1179 961 eorum,
1208 932 1296 965 quae

149 982 304 1027 superius
338 981 428 1015 dixit.
478 980 515 1015 Si
548 981 638 1015 enim
662 983 752 1015 ultra
775 996 847 1016 non
872 982 1020 1016 serviatis
1044 991 1196 1027 peccato,
1221 995 1293 1015 cer-

150 1054 224 1077 tum
250 1053 308 1084 est,
335 1043 412 1088 quia
438 1043 571 1076 liberati
596 1044 638 1076 ab
664 1057 705 1077 eo
725 1044 811 1078 servi
835 1044 914 1078 facti
939 1043 1014 1077 estis
1031 1042 1188 1090 justitiae.
1223 1043 1294 1078 Sed

148 1105 343 1151 requiritur,
370 1105 443 1150 quis
469 1115 527 1145 est,
554 1105 611 1150 qui
638 1105 809 1151 libcratss)
837 1119 855 1139 a
879 1115 1032 1151 peccato.
1078 1105 1161 1140 Sine
1185 1104 1292 1138 dubio

146 1168 294 1201 veritatis
319 1167 456 1210 agnitio.
505 1167 562 1201 Sic
588 1167 679 1200 enim
705 1167 840 1201 dicebat
862 1169 960 1201 Jesus
987 1167 1030 1200 ad
1045 1167 1208 1207 Judaeos,
1235 1166 1293 1212 qui

147 1231 363 1263 crediderant
396 1229 442 1262 ei:
476 1229 573 1273 „si⁹)
604 1230 813 1263 credideritis
845 1231 950 1263 verbo
982 1242 1083 1269 meo,
1107 1227 1292 1271 agnoscetis

146 1292 331 1331 veritatem,
358 1301 390 1324 et
414 1291 532 1324 veritas
546 1292 706 1325 liberabit
729 1296 820 1325 vos.“
856 1291 988 1325 Veritas
1014 1300 1062 1324 est
1088 1304 1178 1333 ergo,
1205 1303 1291 1335 quae

146 1353 270 1386 liberat
294 1367 311 1386 a
337 1363 488 1398 peccam,
514 1363 546 1386 et
570 1353 717 1386 veritatis
741 1353 878 1396 agnitio.
927 1353 1068 1388 Certum
1094 1361 1143 1385 est
1167 1361 1291 1392 autem,

147 1417 242 1461 quod
267 1415 396 1455 omnis,
423 1415 480 1459 qui
505 1415 667 1448 liberatus
691 1416 794 1449 suerit
822 1429 840 1448 a
864 1424 1024 1460 peccato,
1049 1412 1196 1459 justitiae
1220 1426 1290 1446 ser-

146 1477 223 1511 viat.
273 1477 381 1521 Quod
406 1486 519 1510 autem
535 1477 694 1510 dicimus:
719 1476 865 1523 justitiae
885 1477 1024 1510 serviat:
1050 1475 1213 1520 quoniam
1237 1473 1291 1520 ju-

146 1539 234 1573 stitia
257 1553 327 1572 una
352 1548 401 1572 est
432 1552 469 1571 ex
494 1539 658 1572 virtutum
683 1540 808 1578 choro,
834 1538 944 1572 simile
969 1547 1027 1577 est,
1052 1551 1090 1571 ac
1105 1537 1161 1582 ¹⁰)
1187 1537 1213 1570 si
1238 1536 1290 1569 di-

147 1615 310 1642 ceremus,
337 1601 434 1646 quia,
462 1600 489 1633 si
515 1601 588 1645 quis
614 1601 775 1634 liberatus
801 1608 850 1632 est
873 1614 891 1632 a
915 1609 1066 1645 peccato,
1091 1599 1210 1633 serviet
1234 1611 1289 1631 ve-

145 1663 245 1703 ritati,
271 1673 303 1696 et
327 1662 447 1695 serviet
467 1662 660 1707 sapientiae,
677 1662 780 1707 et¹¹)
805 1661 926 1695 serviet
943 1661 1136 1708 pudicitiae,
1162 1670 1195 1694 et
1219 1674 1288 1694 ser-

240 1803 275 1848 ¹)
302 1803 316 1834 I
343 1802 423 1836 Cor.
448 1802 540 1842 VIII,
563 1804 594 1837 2.

236 1859 275 1903 ²)
299 1859 389 1892 Edd.
413 1858 570 1892 Merlini:
597 1858 764 1892 Fortassis
789 1858 889 1892 etiam
914 1871 984 1891 csse
1007 1857 1119 1902 ipsum
1145 1865 1207 1894 etc,

237 1915 275 1960 8)
302 1916 364 1948 Ev.
389 1916 515 1947 Joann.
540 1916 564 1955 I,
591 1917 643 1950 14.
738 1914 775 1959 4)
801 1917 817 1948 I
843 1915 922 1948 Cor.
947 1915 1044 1954 XHI,
1070 1915 1123 1949 10.

238 1971 274 2017 ⁵)
302 1972 352 2006 Cf.
376 1972 477 2004 Rom.
501 1972 559 2011 VI,
586 1973 638 2006 17.
734 1971 771 2016 ὃ)
798 1971 850 2005 Cs.
876 1973 1003 2004 Thren.
1027 1971 1086 2011 IV,
1110 1971 1166 2005 20.

237 2029 274 2073 7)
298 2030 399 2062 Rom.
423 2028 482 2067 VI,
508 2029 560 2064 18.
656 2027 693 2073 ⁸)
717 2027 806 2061 Edd.
831 2027 990 2061 Merlini:
1019 2026 1151 2062 liberet.

238 2085 275 2128 ⁹)
299 2086 359 2118 Ev.
383 2085 508 2118 Joann.
533 2085 626 2125 VIII,
652 2085 706 2119 31.
730 2085 785 2118 32.

217 2141 274 2186 ¹⁰)
299 2141 363 2173 Ed.
388 2141 438 2174 M.
462 2141 495 2173 I:
520 2151 578 2182 „ut
601 2141 828 2180 diceremus,“
861 2141 913 2173 ed.
934 2139 986 2173 M.
1018 2139 1066 2172 II:
1099 2147 1159 2180 „ut
1180 2137 1207 2172 si
1232 2137 1282 2171 di-

144 2191 329 2220 ceremus.“

217 2243 275 2287 Η)
299 2241 392 2276 Editi
417 2242 463 2295 (e.
488 2257 515 2277 c.
541 2244 617 2278 edd.
641 2242 729 2281 MR:
753 2251 808 2282 „et
831 2241 952 2275 serviet
974 2240 1176 2287 pudicitiae,
1200 2253 1282 2285 pru-

144 2288 295 2330 dentiae,
336 2297 368 2321 et
402 2289 558 2333 pietati.“
612 2290 680 2324 Sed
716 2302 832 2322 ornnes
864 2288 945 2322 Mss.
987 2287 1148 2321 omittunt
1179 2299 1282 2331 „pru-
