1320 2444
173 85 242 121 358
445 84 624 119 Omonms
648 96 684 120 m
708 85 771 119 ΕΡ.
797 93 845 119 An
871 85 1056 121 Romanos

178 186 210 211 et
232 176 292 210 illa
324 174 446 210 millies
477 174 585 209 millia
611 176 833 217 angelorum,
866 185 899 209 et
930 176 1041 210 decies
1078 175 1199 211 millies
1229 177 1316 212 dena

176 239 286 272 millia
309 237 559 279 ministrorum,
585 246 617 270 et
636 237 682 272 ita
697 237 880 272 criminum
900 247 1113 279 nostrorum,
1136 238 1171 272 in
1196 237 1316 282 quibus

177 314 270 334 nunc
294 314 402 334 unum
425 301 544 334 saltem
575 309 692 333 testem
722 299 794 344 pati
826 299 1093 341 confundimur,
1122 298 1316 333 coelestium

176 371 260 395 tunc
307 363 470 396 virtutum
513 370 609 395 testes
651 370 798 395 catervas
832 360 1098 395 innumerabiles
1138 360 1317 407 patiemur.

179 422 270 457 Cum
294 433 406 457 autem
432 423 560 456 Paulus
590 423 700 464 dicat,
735 423 814 468 quia
837 421 1029 468 ,‚omnes¹)
1058 423 1219 457 stabimus
1242 431 1319 456 ante

176 486 331 519 tribunal
355 485 455 527 Dei,“
484 484 563 529 et²)
596 486 678 519 dum
707 498 742 518 se
774 498 852 518 cum
884 484 935 519 his
964 485 1080 526 societ,
1102 484 1161 529 qui
1183 485 1319 518 stabunt

178 556 257 581 ante
279 547 430 581 tribunal
454 547 532 587 Dei,
555 547 709 592 quisnam
734 556 791 587 est,
819 546 878 592 qui
900 556 1005 580 semet
1025 547 1137 592 ipsum
1159 546 1205 579 ita
1230 544 1320 579 deci-

179 608 250 653 piat
275 618 307 642 et
330 610 435 650 sallat,
458 618 497 642 ut
519 609 562 642 ad
586 608 753 655 judicium
777 608 861 653 se3)
886 607 1023 649 Christi,
1048 617 1080 641 et
1103 609 1147 642 ad
1170 607 1319 640 tribunal

180 670 433 715 cognitionis4)
458 670 528 717 ejus
552 670 672 715 non⁵)
696 679 792 715 putet
817 683 886 705 esse
909 679 1102 711 venturum,
1127 679 1184 703 aut
1208 668 1318 702 mani-

178 732 372 766 festandum
396 745 431 766 se
456 746 530 765 non
556 741 653 777 putet
675 732 711 765 in
728 732 790 772 his,
813 745 901 777 quae
923 732 990 766 sive
1007 740 1108 772 recte,
1129 731 1198 765 sive
1221 732 1320 765 etiam

179 793 293 827 minus
317 803 407 827 recte
432 793 665 828 commiserit?
693 794 802 838 Quod
825 807 906 828 vero
931 794 966 828 in
990 793 1159 839 praesenti
1182 794 1320 838 quidem

180 854 260 886 loco
286 855 458 894 „tribunal
471 854 507 900 ⁶)
537 855 644 896 Dei‚“
680 857 723 889 ad
757 854 957 889 Corinthios
990 869 1070 889 vero
1101 856 1274 895 „tribunal
1286 854 1320 900 ⁷)

182 914 330 949 Christi“
354 916 478 961 posuit,
501 929 562 958 ego
588 917 727 962 quidem
752 916 934 961 nullamss)
957 926 1043 961 puto
1069 930 1139 950 esse
1161 917 1320 951 differen-

181 975 280 1017 tiam,
315 978 500 1022 quominus
532 992 639 1011 unum
673 988 773 1024 atque
803 979 895 1012 idem
928 979 1101 1018 „tribunal
1113 978 1151 1022 ⁹)
1178 978 1320 1012 Christi“

185 1048 216 1072 et
240 1039 413 1079 „tribunal
437 1039 526 1073 Dei¹⁸
549 1040 756 1081 nominetur,
781 1041 971 1074 secundum
995 1041 1091 1085 quod
1114 1040 1186 1085 ipse
1209 1041 1320 1075 Salva-

184 1110 241 1133 tor
272 1100 308 1134 in
338 1101 524 1144 Evangelio
558 1102 656 1136 dicit:
688 1102 917 1148 „0mnia‚¹⁰)
958 1115 1047 1148 quae
1081 1103 1185 1137 habet
1212 1102 1320 1144 Pater.

184 1174 261 1196 mea
284 1167 400 1196 suntz“
432 1174 463 1198 et
494 1165 640 1198 iterum:
671 1164 877 1208 ‚,Pater,¹¹)
911 1163 1026 1198 omnia
1058 1177 1134 1199 mea
1157 1175 1215 1200 tua
1237 1174 1320 1206 sunt¹

186 1232 218 1256 et
242 1233 299 1257 tua
332 1230 440 1260 mea.“
496 1227 532 1260 Si
562 1229 636 1272 quis
659 1236 774 1260 tamen
797 1235 895 1272 putat
917 1226 955 1260 in
977 1227 1194 1262 sermonibus
1216 1227 1320 1269 Pauli,

185 1286 320 1331 —quia
339 1287 434 1321 nulla
459 1288 494 1322 in
519 1288 590 1334 ejus
613 1289 716 1322 literis
742 1288 847 1323 otiosa
874 1290 924 1323 vel
946 1289 1075 1335 syllaba
1099 1298 1147 1323 est
1167 1308 1221 1329 —-,
1244 1302 1320 1323 cau-

184 1447 244 1480 lies
268 1448 374 1482 millia
399 1451 599 1491 angelorum
623 1451 699 1489 illa,
735 1459 768 1482 et
800 1451 910 1484 decies
942 1451 1048 1485 millia
1078 1450 1320 1492 ministrorum,

187 1501 219 1525 et
243 1493 288 1526 ita
314 1504 376 1528 etc.
401 1514 444 1521 --
470 1495 539 1529 Csr.
563 1495 698 1529 Daniel.
722 1494 798 1535 Vll,
822 1497 875 1531 10.

283 1549 317 1594 ¹)
342 1549 442 1584 Rom.
466 1551 560 1591 XIV,
579 1551 632 1586 10.

281 1606 319 1650 ²)
344 1607 401 1641 Sic
426 1608 510 1642 Msc.
542 1607 622 1650 Reg.
650 1621 746 1643 num.
771 1608 868 1643 1639.
915 1608 1028 1643 Ceteri
1049 1621 1129 1643 vero
1147 1609 1236 1648 Mss.‚
1257 1608 1320 1642 Ra-

186 1651 314 1690 banus,
347 1662 379 1685 et
417 1654 498 1688 editi
528 1655 577 1699 (v.
609 1668 636 1687 c.
669 1655 746 1688 edd.
776 1653 846 1698 M.)
872 1654 1036 1688 omittunt
1054 1657 1194 1696 „dum.“
1216 1655 1256 1688 R.
1278 1673 1320 1680 —

186 1695 274 1732 Edd.
299 1697 455 1731 Men-lini:
478 1709 533 1739 „et
556 1713 590 1733 se
614 1699 797 1739 consociet,
820 1699 879 1743 qui
901 1700 1060 1733 stabunt“
1084 1710 1144 1734 etc.

278 1753 316 1797 ³)
342 1753 446 1789 Deest
469 1755 537 1789 hoc
562 1757 655 1796 loct),
678 1757 739 1789 cfr.
761 1769 795 1800 p.
821 1754 892 1800 huj.
915 1757 946 1790 5.
971 1760 1047 1797 „se“
1069 1755 1105 1790 in
1130 1757 1207 1790 edd.
1229 1755 1278 1789 M.

280 1809 317 1853 4)
341 1810 406 1844 Ed.
431 1810 480 1845 M.
503 1812 536 1845 I:
560 1811 782 1855 cogitationis.

280 1866 316 1911 ⁵)
340 1866 429 1900 Edd.
452 1868 613 1909 Merlini‚
653 1870 712 1902 cfr.
744 1881 778 1913 p.
803 1866 874 1912 huj.
896 1876 969 1902 not.
991 1868 1022 1903 3.
1052 1882 1147 1910 „non
1171 1876 1268 1915 putet
1288 1881 1320 1903 sc

187 1924 256 1945 esse
279 1918 479 1945 venturum“
504 1923 564 1947 etc.

282 1968 319 2012 ⁶)
342 1969 444 2002 Rom.
469 1970 562 2010 XIV,
587 1969 640 2003 10.
735 1970 771 2013 7)
795 1969 828 2002 11
853 1969 935 2005 Cor.
959 1971 1001 2010 V,
1026 1972 1078 2006 10.

280 2023 318 2068 ⁸)
343 2025 426 2059 Msc.
451 2025 532 2068 Reg.
554 2039 649 2059 num.
666 2026 764 2061 1639.
788 2027 939 2065 „nullam
961 2040 1097 2060 causam
1110 2036 1195 2072 puto
1223 2027 1318 2059 esse-⁸⁴

189 2069 257 2101 Sed
277 2069 378 2103 ceteri
402 2070 492 2111 Mss.‚
517 2071 689 2111 Rabanus,
713 2081 746 2104 et
769 2071 849 2104 editi
875 2081 912 2105 ut
935 2072 970 2105 in
994 2081 1094 2105 textu.
1120 2072 1160 2106 R.
1175 2070 1316 2105 —Edd.

188 2114 343 2148 Merlini:
367 2125 472 2160 „puto
497 2117 627 2150 nullam
653 2130 737 2151 essse
761 2117 1011 2150 differentiam“
1035 2126 1095 2152 etc.

280 2170 318 2215 ⁹)
342 2171 372 2204 11
399 2171 478 2206 cor.
504 2173 544 2212 v,
569 2174 623 2207 10.
650 2192 692 2198 -
716 2171 819 2208 Rom.
841 2173 935 2215 xlv,
959 2174 1013 2209 10.

260 2227 317 2273 ¹⁰)
342 2228 402 2262 Ev.
424 2229 550 2262 Joann.
574 2229 667 2270 xw,
691 2229 744 2264 15.

262 2286 320 2330 ¹¹)
344 2285 402 2319 Ev.
427 2285 551 2321 Joann.
576 2285 686 2327 XVII,
710 2289 762 2324 10.
788 2288 865 2321 coll.
890 2299 972 2322 vers.
996 2286 1027 2320 1.
