1377 2454
329 59 682 95 Commmmmomm
708 57 781 91 Lm.
807 57 882 91 VII.
1106 57 1171 94 111

42 152 249 188 demtionem
264 150 298 196 ¹)
330 151 483 197 corporis
512 147 619 183 nostri
629 152 659 181 :“
691 160 752 190 ego
777 146 927 180 arbitror
950 146 1045 192 quod
1068 146 1172 181 totins

42 214 199 249 ecclesiae
222 212 396 258 indicet2)
421 225 554 257 corpus,
576 210 664 245 sicut
688 218 720 242 et
739 208 819 242 alibi
839 208 937 243 dicit:
959 223 1040 249 „vos
1051 208 1088 253 ³)
1111 221 1171 242 au-

41 286 108 310 tem
141 275 217 309 estis
248 288 372 320 corpus
404 273 545 314 Christi,
580 281 612 305 et
641 272 794 304 membra
821 283 859 304 ex
881 274 1010 316 parte.“
1058 271 1173 304 Omne

40 350 118 381 ergo
144 350 267 381 corpus
292 335 449 370 ecclesiae
471 333 708 368 redimendum
739 341 851 377 sperat
875 332 1079 377 Apostolus,
1108 346 1172 366 nee

38 408 135 444 putat
157 412 256 444 posse
268 397 315 443 4),
341 411 426 443 quae
448 397 597 442 perfecta
613 404 701 436 sunt,
720 393 793 427 dari
816 393 954 437 singulis
980 393 1172 439 quibusque

38 460 214 501 membris,
247 459 310 493 nisi
340 459 533 492 universum
564 470 688 502 corpus
712 456 747 488 in
771 469 879 489 unum
903 455 1007 489 fuerit
1029 468 1171 499 congre-

39 532 162 565 gatum.
221 521 337 554 Potest
370 530 482 554 autem
524 527 557 553 et
586 518 632 552 sie
661 517 818 561 intelligi,
855 526 894 551 ut
922 517 1171 551 redemtionem

39 582 194 628 corporis
224 582 331 615 nostri
357 582 446 615 dicat
469 581 580 620 illam,
616 593 702 625 quae
727 579 762 612 in
786 578 1034 612 resurrectione
1056 580 1172 612 futura

41 653 106 683 est,
144 657 221 677 cum
244 657 316 676 non
339 644 451 677 solum
475 642 623 682 animae,
657 642 716 675 sed
754 650 786 674 et
819 654 964 685 corpora
988 641 1172 685 venient⁵)

37 714 137 746 „ante
161 705 310 738 tribunal
344 704 486 745 Christi,
520 713 558 737 ut
586 712 737 749 reportet
766 702 1001 747 unusquisque
1031 702 1171 748 propria

38 766 207 811 corporis,
231 776 336 811 prout
359 765 455 809 gessit
465 770 494 799 :“
526 774 558 798 et
589 765 777 799 secundum
801 763 897 804 illud,
922 765 1017 809 quod
1042 764 1171 798 dictum

38 837 105 862 est:
130 827 266 869 „timete
279 828 314 873 ⁶)
340 827 443 870 magis
468 840 556 866 eum,
583 826 640 871 qui
664 835 777 871 potest
801 825 880 870 et7)
897 839 1020 870 corpus
1041 835 1073 858 et
1097 826 1170 858 ani-

35 903 126 924 mam
150 891 294 935 perdere
317 889 352 922 in
377 890 597 932 gehennam.“
641 888 687 921 Et
719 887 798 921 ideo
823 888 1012 921 dolendum
1036 887 1170 921 unicui-

37 965 103 997 que
127 961 176 985 est
199 951 233 984 in
258 952 324 984 hoc
347 951 482 984 saeculo
508 959 541 983 et
563 950 778 992 gemendum,
802 962 846 982 ne
870 951 960 983 forte
977 962 1040 993 per
1062 950 1172 983 malos

37 1023 130 1046 actus
156 1023 188 1046 et
211 1012 395 1057 praesentis
426 1010 512 1044 vitae
543 1010 780 1053 negligentiam
814 1024 886 1044 non
914 1019 1085 1044 mereatur
1117 1024 1170 1044 re-

37 1074 245 1108 demtionem
261 1073 414 1118 corporis
439 1072 489 1106 sui
511 1071 683 1116 consequi,
706 1072 812 1117 sedss)
836 1071 984 1106 inveniat
1008 1085 1085 1105 eum
1109 1072 1171 1106 ista

36 1135 211 1175 sententia,
235 1147 321 1179 quae
345 1147 470 1179 corpus
494 1142 527 1167 et
550 1133 697 1166 animam
721 1135 892 1176 gehennae
915 1133 1048 1176 ignibus
1073 1135 1170 1167 dam-

35 1207 104 1230 nat.
158 1196 242 1229 Post
275 1197 357 1229 haec
396 1194 494 1228 dicit:
532 1208 612 1239 „spe
625 1194 660 1239 ⁹)
693 1195 782 1228 enim
813 1194 893 1228 salvi
928 1195 1007 1228 sacti
1043 1209 1171 1231 sumus.

33 1259 119 1303 Spes
143 1266 267 1298 autem,
282 1270 368 1302 quae
380 1257 521 1297 videtur,
538 1270 610 1289 non
624 1266 672 1290 est
693 1261 798 1301 spes.“
836 1256 931 1290 Sicut
950 1257 1104 1301 superius
1126 1258 1170 1290 de

34 1329 185 1353 creatura
220 1318 364 1358 dixerat,
400 1317 478 1363 quia
507 1317 736 1362 ‚,v:mitati¹⁰)
766 1315 916 1362 subjecta
950 1327 998 1351 est
1026 1328 1170 1363 propter

36 1393 125 1421 eum,
150 1379 207 1425 qui
231 1378 375 1425 subjecit
398 1379 433 1412 in
456 1383 555 1424 spe:“
586 1378 630 1412 ita
663 1388 696 1412 et
722 1377 776 1412 hic
800 1379 843 1411 de
867 1389 973 1413 semet
995 1379 1087 1424 ipso,
1116 1381 1169 1414 vel

35 1454 257 1488 quoscunque
280 1454 394 1474 secum
413 1440 628 1474 annumerari
652 1440 756 1481 novit,
781 1440 877 1474 dicit:
901 1454 981 1486 „spe
996 1442 1004 1460 ¹
1019 1441 1052 1485 ¹)
1078 1442 1168 1476 enim

35 1503 116 1539 salvi
139 1503 217 1537 facti
242 1507 395 1536 sumus:“
412 1502 496 1536 sicut
521 1511 554 1535 et
577 1502 755 1544 gemitibus
780 1512 952 1536 creaturae
976 1516 1055 1536 suos
1080 1517 1167 1549 quo—

35 1579 101 1611 que
124 1564 266 1608 gemitus
281 1564 336 1609 ¹²)
360 1564 505 1599 sociavit.
554 1564 745 1608 Quomodo
762 1565 818 1610 13)
842 1574 953 1598 autem
979 1564 1014 1598 in
1045 1579 1103 1610 spe
1127 1565 1169 1598 sit

128 1649 162 1689 Ι)
185 1649 286 1682 Rom.
311 1648 403 1688 VIII,
426 1649 480 1683 23.
575 1649 612 1694 2)
636 1649 725 1682 Edd.
750 1647 910 1681 Merlini:
935 1647 1113 1682 indicetur.

124 1704 161 1750 ³)
187 1705 201 1737 l
228 1704 307 1738 Cor.
332 1705 410 1745 XII,
434 1706 488 1740 27.

77 1806 98 1839 r
124 1761 161 1805 ⁴)
185 1761 274 1794 Edd.
299 1759 455 1794 Merlini:
480 1774 578 1805 posse
613 1760 686 1793 dari
712 1773 797 1805 quae
821 1761 971 1805 perfecta
996 1770 1074 1794 sunt
1097 1761 1164 1795 sin-

32 1820 74 1849 gu
91 1820 116 1840 ts
140 1815 199 1838 etc.

126 1861 162 1906 ⁵)
185 1861 271 1895 Edd.
295 1861 452 1895 MerlinI:
477 1861 664 1895 advenient.
690 1881 730 1887 —
759 1860 827 1894 Cfr.
852 1861 883 1893 II
912 1861 991 1896 Cor.
1015 1862 1057 1903 V,
1083 1864 1134 1897 10.

125 1916 162 1961 ⁶)
186 1918 307 1951 Matth.
331 1919 376 1959 X,
399 1918 453 1953 28.
550 1918 586 1962 ⁷)
611 1918 716 1951 Deest
739 1921 814 1957 ‚,et“
838 1917 872 1949 in
898 1918 974 1950 edd.
999 1918 1048 1950 M.

126 1971 163 2016 Β)
186 1973 279 2006 Editi
309 1975 356 2018 (v.
381 1988 407 2007 c.
433 1975 508 2008 cdd.
533 1974 619 2018 MA)
649 1975 728 2014 „sed
756 1973 946 2006 inveniann
971 1973 1042 2019 (ed.
1068 1974 1114 2008 M.
1140 1974 1163 2007 l.

33 2019 220 2061 inveniat)
245 2032 321 2052 cum
346 2019 407 2052 ista
430 2019 604 2059 sententia,
631 2033 716 2064 quae
742 2039 782 2043 —-
809 2020 980 2052 damnet“
1003 2020 1043 2052 R.

125 2074 162 2118 ⁹)
186 2075 286 2107 Rom.
311 2074 411 2114 VIII,
442 2076 496 2108 24.
522 2094 564 2102 -—
589 2075 677 2108 Edd.
702 2074 858 2107 Merlini:
883 2088 942 2119 spe
965 2084 1078 2108 autem
1103 2084 1164 2108 etc.

104 2131 161 2173 ¹⁰)
187 2131 287 2164 Rom.
311 2130 404 2170 VIII,
426 2132 479 2165 20.
575 2131 632 2173 ¹¹)
656 2131 757 2164 Rom.
781 2131 873 2170 VIII,
897 2132 950 2165 24.

104 2185 161 2231 ¹²)
186 2185 294 2219 Alias:
319 2186 479 2228 „gemitus
502 2186 664 2220 sociant.“
688 2187 729 2219 R.

102 2238 159 2284 ¹³)
185 2241 275 2274 Alias
306 2242 353 2286 (v.
380 2255 406 2274 c.
431 2241 465 2274 iu
491 2243 542 2274 cd.
566 2243 614 2275 M.
638 2242 717 2287 II.:)
749 2243 963 2287 „Quomodo
989 2252 1100 2276 autem
1126 2243 1160 2276 in

30 2299 89 2331 spe
113 2286 153 2320 sit
176 2287 236 2332 (al.
252 2287 326 2332 fic)
347 2287 477 2322 salvus“
501 2296 561 2321 etc.
588 2287 625 2322 R
