1377 2454
311 88 661 122 COMMENTAmonvm
686 85 747 119 Lm
789 86 859 119 VHv
1087 87 1152 121 129

25 191 60 215 to
87 181 199 214 deerat
221 179 292 212 sota
317 180 456 212 vocatio,
506 179 549 211 lli
574 190 663 216 vcro,
689 177 746 221 qui
771 189 841 207 non
868 175 992 208 habent
1019 176 1151 209 bonum

25 243 194 286 fixumque
218 241 442 286 propositum,
467 240 516 272 vel
542 251 616 280 erga
642 237 793 271 divinum
818 237 963 276 cultum,
999 238 1049 270 vel
1076 250 1152 280 erga

28 316 113 348 opus
137 304 287 342 bouum,
321 311 483 335 vocantur
514 300 649 344 quidem
676 308 706 330 et
730 299 812 343 ipsi,
842 311 885 331 nc
914 299 951 332 iis
983 299 1151 332 excusatio

24 364 250 408 relinquatur,
284 372 314 396 et
339 363 421 395 haec
449 362 520 406 ipsa
536 360 569 404 ¹)
604 360 733 404 possint
758 359 935 403 causari2)
960 373 1036 392 cum
1063 359 1152 405 judi-

23 434 160 458 cantur:
185 425 262 469 quia
295 434 326 457 et
350 436 412 457 nos
442 424 468 456 si
501 421 607 454 vocati
631 421 817 461 fuissemus,
840 422 1062 466 potuissemus
1084 421 1153 454 uti-

24 497 91 530 que
115 484 305 530 justificari,
337 493 368 517 et
391 497 463 516 non
485 484 595 517 solum
619 481 801 528 justificari,
824 483 883 515 sed
908 491 938 515 et
962 482 1154 524 glorificari.

24 545 108 579 Ideo
134 557 212 587 ergo
236 538 560 590 vocanturquidem
586 554 617 577 et
640 543 719 588 ipsi:
751 545 809 577 sed
834 543 928 587 quasi
952 543 979 577 si
1002 543 1038 576 in
1062 553 1154 576 terra

23 615 161 651 petrosa
184 606 414 649 seminetur³)
437 619 561 646 semen,
586 607 652 639 cito
679 604 817 649 quidem
849 605 1013 647 exoritur3
1042 605 1154 638 incre—

24 677 138 701 scente
161 675 272 700 autem
297 666 554 701 tribulationum
579 668 670 706 sole,
701 667 780 710 quia
804 680 875 699 non
900 667 1027 700 habent
1052 667 1153 699 altam

24 729 175 762 radicem
207 728 291 761 boni
322 729 509 773 propositi,
547 727 712 761 continuo
738 737 906 767 arescunt,
943 737 974 760 et
998 736 1154 771 pereunt.

23 789 69 822 Et
90 789 154 833 ipsi
178 798 271 828 sunt,
304 789 346 822 de
373 789 494 833 quibus
528 789 609 823 dicit
632 790 826 833 Apostolus,
850 788 927 833 quia
953 789 1157 830 „naufraga-

23 858 143 883 verunt
156 848 192 893 4)
216 863 234 882 a
258 851 356 883 fide.“
405 849 502 893 Quos
527 863 605 892 ergo
631 851 771 889 vocavit,
794 850 830 883 id
845 859 901 890 est,
925 862 1009 893 quos
1033 863 1154 883 secun-

23 912 107 945 dum
129 911 344 956 propositum
369 911 500 944 vocavit
524 911 626 951 boni,
649 910 726 944 illos
751 920 782 944 et
804 910 1001 956 justificavit.
1049 910 1157 954 Quod

24 981 58 1006 et
73 972 107 1016 ⁵)
140 972 166 1005 si
198 972 454 1015 „secundum⁶)
489 973 727 1016 propositum“
760 973 802 1005 ad
836 973 949 1005 Deum
983 973 1157 1012 referatur,

24 1034 94 1067 hoc
118 1041 182 1072 est,
215 1042 253 1065 ut
283 1035 469 1066 secundum
495 1033 562 1066 Dei
584 1033 819 1077 propositum,
850 1034 907 1076 qui
930 1032 1037 1066 sciens
1060 1032 1095 1065 in
1118 1032 1159 1066 iis

25 1094 216 1135 religiosam
240 1103 387 1126 mentem
414 1103 445 1126 et
467 1094 578 1127 salutis
602 1093 709 1127 inesse
733 1094 950 1133 desiderium,
972 1095 1081 1128 vocati
1106 1094 1160 1128 di-

27 1165 165 1195 cantur,
186 1168 259 1187 non
290 1154 457 1187 videbitur
479 1155 547 1195 his,
578 1168 665 1200 quae
695 1155 931 1199 exposuimus,
959 1154 1057 1188 etiam
1091 1155 1159 1189 hoc

25 1230 96 1250 esse
119 1217 353 1250 contrariumv
395 1215 473 1249 Hoc
504 1228 583 1257 ergo
619 1225 719 1260 pacto
744 1229 856 1260 neque
878 1215 914 1249 in
938 1216 1159 1261 praescientia

25 1278 95 1312 Dei
118 1279 169 1310 vel
191 1277 315 1316 salutis,
337 1277 390 1309 vel
412 1277 613 1322 perditionis
636 1287 772 1310 nostrae
796 1289 895 1310 caus-'1
916 1277 1076 1318 consistit,
1099 1291 1160 1311 ne-

26 1352 95 1385 que
116 1337 307 1385 justificatio
340 1350 377 1370 ex
409 1338 482 1371 sola
506 1337 686 1371 'vocatione
709 1338 890 1383 pendebit,
919 1351 1031 1383 neque
1056 1340 1160 1380 glori-

24 1400 121 1435 ficari
145 1401 188 1433 de
210 1407 326 1432 nostra
348 1400 483 1443 penitus
506 1407 670 1443 potestate
698 1401 869 1433 sublatum
895 1409 951 1433 est.
1006 1403 1094 1435 Nam
1129 1410 1162 1435 et

26 1462 57 1498 si
78 1460 254 1495 communi
277 1460 450 1493 intellectu
469 1461 510 1493 de
530 1461 752 1505 praescientia
766 1461 957 1502 sentiamus,
979 1475 1050 1494 non
1076 1475 1161 1507 pro-

25 1533 144 1570 pterea
167 1522 230 1555 erit
253 1520 399 1565 aliquid,
431 1522 510 1565 quia
533 1522 569 1555 id
592 1523 653 1556 scit
676 1523 771 1555 Deus
794 1524 963 1556 futurum:
996 1524 1056 1556 sed
1081 1523 1161 1567 quia

25 1586 181 1620 futurum
206 1592 262 1623 est,
285 1582 388 1616 scitur
412 1596 430 1615 a
454 1583 532 1616 Deo
560 1593 739 1628 antequam
765 1583 829 1617 fiat.
868 1585 954 1617 Nam
971 1593 1003 1616 et
1025 1584 1062 1624 si,
1087 1598 1160 1617 ver-

24 1647 64 1681 bi
88 1645 200 1688 gratia,
220 1644 471 1687 fingeremus7)
495 1645 609 1678 Deum
633 1658 707 1678 non
721 1657 944 1689 praenoscere
972 1644 1162 1690 aliquid‚⁸)

27 1708 180 1742 futurum
210 1705 282 1740 sine
314 1705 420 1738 dubio
455 1715 525 1739 erat
556 1708 650 1751 quod
675 1716 739 1745 est,
770 1706 816 1740 ita
849 1715 886 1739 ut
910 1715 975 1740 est:
1008 1716 1045 1740 ut
1068 1716 1162 1752 puta,

28 1769 137 1802 Judas
160 1766 320 1813 proditor
350 1768 456 1800 factus
481 1777 544 1807 est,
580 1777 611 1801 ct
635 1768 701 1800 hoc
726 1767 772 1801 ita
796 1768 948 1800 futurum
973 1768 1165 1813 prophetae

28 1829 278 1875 praedixerunt.
313 1829 394 1862 Non
418 1841 497 1871 ergo
522 1829 601 1873 quia
624 1829 815 1874 prophetae
838 1829 1087 1874 praedixerunt,
1110 1830 1164 1864 id-

127 1955 163 2000 ¹)
187 1955 276 1989 Edd.
300 1955 456 1989 Mcrlini:
480 1956 553 2001 ipsi,
648 1956 685 2000 ²)
709 1956 772 1990 Ed.
796 1957 845 1989 M.
870 1957 895 1990 l.
920 1959 1111 1996 „causare-‘²

126 2012 164 2055 ³)
188 2010 307 2044 Matth.
331 2012 426 2052 XIII,
450 2013 480 2046 5.
508 2013 540 2047 6.
635 2012 672 2057 ⁴)
697 2013 712 2045 I
737 2012 826 2045 Tim.
850 2013 876 2052 I,
900 2013 953 2048 19.

125 2067 162 2109 ⁵)
183 2066 287 2100 Deest
310 2071 383 2107 „et“
407 2068 441 2101 in
469 2069 546 2102 edd.
571 2068 618 2101 M.
714 2068 750 2113 6)
776 2068 876 2101 Rom.
900 2068 992 2109 VIII,
1013 2067 1068 2103 28.

123 2121 161 2166 ⁷)
186 2123 278 2155 Alias
301 2123 349 2166 (v.
376 2137 402 2156 e.
427 2124 462 2156 in
489 2124 666 2168 edd.M.):
689 2125 900 2166 „fingimus.“
925 2123 966 2156 R.

124 2176 161 2220 Β)
185 2177 277 2209 Editi
301 2178 349 2222 (v,
376 2192 401 2209 c.
424 2180 500 2211 edd.
524 2181 608 2223 M.):
633 2180 800 2224 ‚‚aliquid,
831 2181 982 2213 futurum
1007 2179 1079 2212 sine
1102 2179 1166 2211 du-

34 2222 91 2255 bio
117 2233 205 2262 erat,
236 2224 331 2267 quod
354 2223 418 2262 ita,
449 2233 486 2256 ut
508 2234 593 2268 puto
620 2225 698 2271 (at,
728 2226 843 2270 itemq.
875 2226 927 2258 ed.
963 2224 1011 2257 M.
1035 2224 1095 2264 IL,
1127 2232 1166 2256 ut

34 2268 146 2312 puta)
170 2268 298 2300 Judas“
319 2276 380 2301 etc.
404 2268 443 2300 R.

37 2327 213 2366 Omossms
237 2328 373 2364 OPERA.
399 2328 493 2365 Tom.
518 2330 591 2366 VII.
946 2329 970 2365 9
