1377 2454
198 80 264 115 144
466 78 640 114 Omenms
666 89 701 113 m
728 79 786 113 ΕΡ.
810 91 857 113 zm
885 79 1061 115 Rommos

196 169 311 208 stolus,
336 167 428 213 λη’)
457 170 623 213 quaedam
650 182 686 202 ex
716 172 793 215 ipsis
826 170 891 203 hoc
924 171 1023 204 studii
1056 171 1106 204 vel
1134 171 1329 207 intentionis

197 239 335 274 gerunt,
368 240 404 263 ut
428 230 592 264 humanas
618 232 744 265 animas
771 245 787 264 a
813 232 949 265 caritate
975 233 1040 266 Dei
1065 246 1221 277 separare
1245 248 1328 267 con-

195 293 352 330 tendant,
379 301 411 325 et
433 302 616 337 propterea
648 294 833 326 moliantur
861 294 897 326 in
930 307 994 327 nos
1019 305 1158 335 cuncta,
1194 295 1330 340 quae2)

195 354 355 398 patimur.
402 353 545 386 Videtur
569 354 659 387 enim
684 368 782 399 posse
807 356 944 398 quidem
969 355 1084 400 hoc3)
1109 368 1224 397 agere,
1249 365 1286 389 ut
1310 370 1330 390 a

196 415 336 448 caritate
359 414 425 447 Dei
449 428 656 459 separemur,
681 429 773 449 mors
796 416 954 457 fortassis,
978 426 1009 449 et
1032 418 1152 458 angeli,
1180 427 1211 451 et
1234 418 1330 463 prin-

197 476 336 521 cipatus,
362 485 393 509 ct
422 477 557 510 virtutes
581 479 790 511 adversantes
814 478 914 511 nobis
936 478 1008 511 sine
1034 479 1153 519 dubio,
1178 488 1210 512 et
1231 491 1332 524 prae-

195 538 311 578 sentia,
335 550 423 581 quae
444 547 522 570 sunt
546 537 662 582 utique
688 539 819 572 lubrica
851 548 883 572 et
908 540 1044 573 caduca.
1100 540 1168 574 Sed
1191 549 1223 573 et
1246 552 1330 584 pro·-

195 600 343 633 fundum
369 608 481 644 potest
509 599 663 634 similiter
687 600 837 641 intelligi.
885 600 961 634 Vita
974 600 1011 646 4)
1036 610 1159 641 autem,
1183 610 1216 634 et
1238 602 1329 646 futu-

196 675 244 701 ra,
269 669 302 694 ct
326 661 486 700 altitudo,
520 670 551 694 et
583 670 734 694 creatura
767 661 830 695 alia
855 664 1034 707 quomodo
1060 676 1078 695 a
1103 662 1170 695 Dei
1194 662 1331 696 caritate

194 735 352 767 separare
376 735 438 755 nos
453 722 488 767 ⁵)
521 731 664 762 certent,
699 736 770 755 non
802 724 949 757 otiosum
985 725 1117 758 videtur
1152 736 1331 769 exponere.

195 783 268 817 Nisi
289 783 365 826 siss)
389 784 462 828 quis
487 785 576 817 sorte
602 785 691 818 dicat
714 784 940 828 hyperbolice
962 786 1043 819 haec
1057 786 1092 830 ⁷)
1124 785 1330 830 Apostolum

197 847 321 886 dicere,
346 845 413 878 hoc
438 854 494 885 est,
518 858 590 878 non
614 847 726 878 solum
749 859 809 890 per
827 859 875 885 ea,
902 860 988 891 quae
1012 847 1166 881 accidere
1179 855 1331 892 possunt,

195 909 255 942 scd
278 920 323 940 ne
353 920 415 951 per
451 920 488 939 ea
513 907 670 951 quidem,
702 920 789 951 quae
822 908 955 940 evenire
987 909 1129 942 omnino
1155 923 1226 942 non
1251 922 1333 953 pos-

196 978 293 1009 sunt,
317 969 389 1002 ullo
415 977 516 1012 pacto
543 981 561 1000 a
584 968 651 1001 Dei
677 968 812 1001 caritate
837 969 1067 1003 deflectimur:
1097 969 1191 1003 verbi
1221 983 1332 1010 causa,

197 1040 235 1064 ut
256 1030 283 1063 si
307 1030 372 1063 alia
396 1029 497 1062 nobis
522 1030 658 1062 daretur
681 1030 764 1070 vita,
789 1043 890 1074 quam
904 1030 942 1074 Β)
967 1031 1066 1071 haec,
1100 1044 1186 1076 quae
1210 1046 1228 1065 a
1252 1031 1330 1064 Deo

197 1094 274 1126 data
300 1101 364 1131 est,
395 1100 453 1123 aut
482 1091 508 1123 si
537 1092 731 1123 futurorum
757 1104 832 1135 spes
856 1091 921 1124 alia
943 1092 1044 1125 nobis
1057 1091 1093 1136 9)
1116 1092 1331 1137 promittere-

196 1165 268 1194 tur,
299 1154 350 1186 vel
381 1152 542 1192 altitudo,
573 1152 624 1185 vel
659 1151 759 1185 etiam
785 1162 937 1186 creatura
962 1153 1042 1194 alia,
1065 1167 1167 1198 quam
1194 1162 1241 1187 est
1263 1154 1332 1194 illa,

197 1227 286 1260 quae
309 1227 374 1259 pro
400 1214 499 1248 nobis
523 1213 812 1258 congemiscit10)
839 1223 870 1247 et
894 1215 1067 1256 condolet,
1083 1235 1124 1241 -—
1140 1217 1234 1259 quod
1258 1215 1332 1249 fieri

196 1277 314 1321 utique
337 1289 409 1308 non
432 1284 544 1320 potest
569 1294 622 1314 —,
644 1275 757 1319 ne¹¹)
788 1276 871 1309 haec
894 1277 1033 1320 quidem
1063 1290 1081 1310 a
1106 1278 1242 1310 caritate
1263 1276 1332 1310 Dei

195 1350 355 1382 separare
391 1350 454 1370 nos
490 1345 636 1380 possent.
699 1336 758 1369 Est
789 1349 868 1379 ergo
909 1338 963 1371 hic
993 1352 1081 1372 unus
1113 1338 1332 1383 expositionis

195 1399 328 1431 modus.
386 1397 571 1430 Videamus
612 1407 746 1437 tamen,
788 1411 832 1431 ne
869 1400 957 1432 forte
991 1400 1096 1444 possit
1137 1400 1238 1433 etiam
1268 1400 1331 1434 iste

196 1459 384 1493 intellectus
417 1458 555 1492 admitti.
608 1459 828 1504 ‚,Mors,“¹²)
859 1473 961 1505 quam
993 1461 1047 1494 hie
1072 1461 1173 1502 dicit,
1193 1461 1251 1495 ille
1273 1474 1330 1495 ac-

293 1575 328 1619 ι>
352 1575 450 1627 Εόἱῑὶ.
469 1575 516 1619 (v.
541 1588 568 1608 c.
594 1576 669 1608 edd.
693 1574 778 1620 M.):
803 1591 867 1618 „an
887 1579 1055 1622 quaedam
1082 1591 1120 1612 ex
1141 1578 1220 1624 ipsis
1243 1578 1330 1624 (hoc

198 1621 287 1655 euim
311 1622 451 1653 studiosx
477 1621 662 1664 quaerunt)
688 1621 884 1656 Immanas.“
909 1623 936 1656 R

289 1675 326 1720 ²)
351 1676 436 1710 Msc.
461 1676 540 1717 Reg.
565 1690 658 1709 num.
684 1678 781 1712 1639.
805 1692 914 1723 „quae
938 1680 1142 1724 potuerint.“
1165 1680 1206 1713 R.

287 1730 325 1775 ³)
350 1732 443 1765 Editi
466 1733 514 1776 (v.
540 1745 566 1764 c.
592 1733 668 1765 edd.
691 1733 775 1776 Μ.);
798 1735 903 1775 „haec
927 1740 1053 1777 agere.“
1078 1735 1117 1767 R.

289 1787 327 1828 4)
350 1788 440 1820 Edd.
464 1788 617 1820 Merlini:
644 1788 718 1822 Vita
741 1799 852 1823 autem
876 1792 989 1823 sutura
1015 1801 1075 1825 etc.

292 1843 329 1888 ⁵)
354 1843 444 1876 Edd.
469 1843 625 1877 Merlini:
650 1858 714 1879 nos
738 1855 915 1886 conentur,
938 1859 1011 1879 non
1036 1855 1096 1880 etc.

289 1899 327 1943 ὃ>
353 1901 459 1933 Deest
481 1900 550 1939 „si“
574 1901 610 1933 in
635 1902 711 1935 edd.
735 1901 784 1934 Μ.
878 1902 915 1946 ⁷)
938 1902 1026 1935 Edd.
1051 1902 1206 1936 Merlim':
1230 1903 1306 1938 hoc.

289 1956 326 1999 Β)
351 1954 416 1987 Ed.
440 1954 488 1987 Μ.
522 1956 555 1989 I:
586 1969 712 2001 „quam
745 1957 842 1991 haec:
866 1957 925 1992 illa
950 1962 1057 2004 quae“
1089 1968 1167 2000 etc„
1197 1960 1248 1992 ed.
1279 1958 1328 1992 Μ.

196 2001 244 2034 Il:
269 2014 393 2045 „quam
418 2000 502 2033 haec
525 2001 581 2034 illa
606 2006 713 2045 quae“
737 2011 799 2036 etc.

288 2056 326 2100 ⁹)
349 2056 440 2089 Edd.
463 2055 620 2089 Merlini:
643 2057 899 2101 promitteretur
921 2059 1031 2093 nobis.

269 2112 326 2156 ¹⁰)
351 2112 451 2144 Rom.
477 2111 567 2151 VIII,
589 2113 644 2150 22.

268 2166 326 2211 ¹¹)
351 2167 439 2200 Edd.
464 2167 618 2200 Merlini:
644 2181 706 2201 nec
731 2169 789 2202 ista
816 2170 954 2213 quidem
980 2178 1040 2202 cte.

270 2223 327 2268 12)
353 2224 409 2258 Sic
441 2224 521 2256 editi
551 2223 597 2267 (ε’.
631 2238 658 2257 c.
690 2226 764 2259 edd.
797 2226 881 2269 M.);
911 2235 944 2258 at
974 2238 1054 2258 vero
1087 2224 1167 2258 Mss.
1193 2236 1325 2258 omnes:

197 2268 314 2309 „Mors
338 2270 432 2315 quod
455 2270 547 2312 dicit,
569 2269 650 2303 illo-⁶
673 2281 732 2304 etc.
762 2271 800 2305 R.
827 2291 868 2297 —-
894 2270 966 2325 (ΗΓ.ν
988 2271 1088 2305 Rom.
1113 2269 1204 2310 VIII,
1227 2270 1281 2305 38.
