1392 2464
169 98 231 121 vm
597 96 874 121 PROLEGOMENA.

167 177 265 224 giuti
289 178 410 212 libros
432 177 472 211 in
496 177 593 212 hanc
617 188 678 223 ep.
712 179 760 213 ab
786 178 952 224 Origene
986 179 1220 225 conscriptos
1243 192 1304 215 re-

166 241 254 275 fert.
302 239 437 275 Sancti
459 240 578 275 Pauli
594 239 726 285 prima
749 239 928 284 onmium,
955 239 1095 287 inquit,
1120 248 1157 275 et
1180 242 1303 276 admi—

165 301 332 337 rabilior
362 302 552 338 destinata
584 302 822 348 cognoscitur
853 303 907 337 ad
938 303 1154 348 Romanos,
1193 316 1305 351 quam

169 362 354 409 Origenes
384 363 519 411 viginti
560 363 671 399 libris
706 363 856 400 Graeco
886 376 1054 400 sermone
1084 364 1305 400 declaravit.

164 429 307 463 Verum
337 426 521 472 Rufinus,
553 426 620 471 qui
650 426 819 461 Heraclii
851 426 1019 472 impulsu
1050 438 1115 462 eos
1147 427 1305 463 Latinae

164 489 319 534 linguae
345 489 542 524 donandos
570 489 759 534 suscepit,
795 488 1016 533 quindecim
1041 493 1190 523 tantum
1214 500 1306 524 enu-

163 556 286 586 merat
310 550 350 584 in
376 562 467 586 suae
504 550 763 586 translationis
795 550 1010 596 prooemio:
1046 550 1124 585 imo
1155 550 1307 586 variant

164 612 365 657 lectiones,
394 618 431 647 et
457 625 524 658 pro
549 612 785 660 quindecim,
814 618 856 647 ut
879 615 1013 659 legunt
1038 623 1172 647 omnes
1195 612 1304 657 editi,

164 675 254 720 duo,
281 673 420 719 quibus
446 675 505 709 usi
532 686 687 721 sumus,
723 674 982 720 antiquissimi
1007 674 1180 716 Codices,
1206 686 1305 709 unus

163 736 398 771 cathedralis
428 737 612 772 ecclesiae
644 737 910 781 Ebroicensis‚
952 738 1049 771 alter
1081 736 1305 772 monasterii

163 798 494 844 Vallis—Clarae,
521 799 664 834 habent
688 799 786 834 alius
803 799 942 845 decem,
969 798 1069 833 alius
1092 797 1303 833 duodecim.

161 860 239 896 Sed
263 860 326 894 hic
350 859 514 895 fortasse
538 862 681 906 libros,
721 861 787 907 qui
823 872 890 896 sua
916 865 1039 895 aetate
1066 864 1304 906 supererant,

163 922 427 956 tantummodo
452 923 607 958 denotat
630 923 813 969 Rufinus3
851 922 927 967 jam
952 922 1054 957 enim
1078 922 1223 967 aliquot
1246 922 1304 956 in-

162 983 362 1019 tercidisse
383 988 543 1018 testatur
567 985 607 1019 in
633 985 869 1031 praefatione
900 985 947 1019 ad
971 983 1207 1019 Heraclium.
1257 985 1305 1017 Ut

162 1051 204 1080 ut
228 1045 292 1091 sit,
320 1045 518 1090 deperdita
552 1047 599 1080 de
633 1058 702 1082 suo
737 1047 948 1092 addidisse,
977 1051 1175 1091 totumque
1200 1047 1305 1090 Opus

161 1109 211 1142 ad
236 1107 403 1142 mediani
431 1108 510 1141 fere
536 1113 684 1152 partem
717 1121 759 1144 se
785 1101 1026 1143 contraxisse⁴
1046 1107 1193 1142 ibidem
1217 1118 1303 1151 pro-

163 1170 309 1204 fitetur:
337 1174 374 1204 et
399 1180 439 1203 re
456 1168 552 1214 ipsa,
580 1176 677 1205 teste
701 1171 928 1205 Cassiodoro
953 1168 1113 1214 ibidem,
1140 1180 1215 1214 qno
1240 1179 1303 1202 su—

162 1243 249 1277 pra,
285 1243 335 1266 ex
362 1231 502 1276 viginti
535 1232 645 1267 libris
670 1234 801 1267 decem
829 1231 1090 1266 tantummodo
1117 1230 1301 1265 confecit:

165 1291 266 1343 Quos
289 1299 433 1338 utinen,
465 1293 611 1338 inquit,
641 1304 759 1338 supra
782 1292 905 1327 (lictus
927 1293 1091 1335 Rufinus
1112 1292 1153 1325 in
1176 1293 1303 1326 decem

161 1354 279 1389 libros
300 1353 491 1400 redigens,
520 1353 645 1389 adhuc
669 1354 816 1400 copiose
832 1354 1024 1389 transtulit
1046 1353 1088 1387 in
1108 1353 1300 1389 Latinum.

162 1417 361 1452 Adversus
392 1416 490 1450 hanc
522 1416 718 1451 audaciam
744 1416 989 1452 excandescit
1012 1420 1207 1461 Erasmus,
1232 1427 1302 1451 nec

161 1477 353 1513 immerito
378 1478 534 1522 quidam
557 1477 740 1512 Rufinum
766 1478 1029 1525 objurgarunt,
1056 1479 1301 1523 quemadmo-

163 1541 253 1574 dum
284 1540 368 1585 ipse
400 1539 474 1574 sibi
508 1539 699 1585 objectum
739 1540 861 1575 fuisse
900 1540 953 1575 ait
986 1540 1026 1574 in
1060 1539 1301 1585 peroratione

161 1613 253 1639 suae
278 1602 553 1646 translationis,
579 1602 680 1647 quod
707 1613 818 1636 suum
844 1601 985 1648 potius,
1024 1614 1139 1647 quam
1165 1601 1299 1648 Orige-

161 1663 222 1699 nis
256 1675 394 1699 nomen
432 1664 545 1709 hujus
591 1663 716 1709 operis
762 1663 872 1698 titulo
914 1676 987 1698 non
1027 1663 1300 1709 inscripsisset.

159 1726 259 1761 Hinc
283 1726 385 1760 enini
410 1726 465 1771 fit,
492 1731 533 1760 ut
557 1726 625 1760 vix
650 1725 855 1770 Origenem
881 1725 918 1758 in
936 1725 1101 1771 Origene
1115 1725 1299 1771 reperiaS,

160 1787 414 1832 injuriamque
441 1787 598 1833 Origeni
612 1788 758 1821 illatam
780 1787 933 1823 facilius
959 1788 1238 1833 dep1·ehe11deS‚
1265 1787 1299 1822 si

160 1850 377 1896 fragmenta
402 1851 590 1895 quaedam
614 1850 888 1884 lucubrationis
912 1849 1025 1893 hujus
1050 1850 1192 1883 inserta
1210 1849 1299 1882 Phi-

161 1912 319 1946 localiae
344 1923 431 1945 cum
454 1911 657 1946 Rufiniana
683 1910 931 1946 conversione
955 1911 1151 1956 confligas.

251 1972 492 2019 Theophilus
533 1972 777 2013 Salodianus,
820 1974 977 2008 Ordinis
1018 1974 1298 2009 Observantiae

160 2036 461 2070 mendicantium
489 2034 569 2068 divi
601 2034 829 2080 Hieronymi
863 2035 1081 2080 professor,
1130 2046 1180 2069 ex
1211 2035 1297 2070 (tod,

161 2100 258 2132 Mese.
292 2099 531 2133 Phesulanae
569 2096 627 2131 sui
665 2098 883 2131 Conventus
909 2097 1186 2141 bibliothecae,
1231 2094 1296 2140 qui

162 2159 442 2207 Hieronymum
464 2157 713 2202 interpretem
738 2157 777 2191 in
795 2157 921 2192 fronte
944 2158 1198 2203 praeferebat,
1225 2156 1296 2190 hos

162 2222 293 2255 decem
325 2220 446 2255 libros
479 2219 625 2265 primus
664 2220 735 2254 sub
766 2219 996 2266 Hieronymi
1020 2218 1190 2256 Venetiis
1215 2217 1294 2252 edi—

164 2282 217 2316 dit
241 2294 340 2317 anno
364 2284 504 2318 MDVI.
561 2283 673 2316 Hunc
705 2281 823 2317 secuti
857 2281 1068 2326 Merlinus‚
1100 2283 1295 2323 Erasmus,
