1320 2444
105 43 172 76 «160
448 41 574 74 Romu
605 50 652 74 AD
680 41 899 77 HERAcuUM

107 131 191 174 in¹)
228 131 404 176 epistolam
439 132 481 164 ad
514 131 691 165 Romanos
724 132 1003 177 explanationum
1027 132 1124 165 libri:
1156 133 1239 166 sicut

106 203 137 226 et
161 194 253 236 apud
279 202 444 233 auctores,
469 193 645 237 inquiunt,
670 195 855 227 saeculares
880 207 952 227 non
975 193 1082 234 illius,
1114 194 1172 239 qui
1204 209 1241 228 ex

106 254 242 287 Graeco
267 256 444 288 translatus
471 264 526 294 est,
551 256 609 289 sed
632 255 739 296 illius,
763 256 821 300 qui
846 256 1022 296 transtulit,
1045 270 1174 290 nomen
1201 257 1241 290 ti-

106 317 194 349 tulus
212 325 311 348 tenet.
360 315 438 349 Hoc
468 327 578 350 autem
613 327 721 350 totum
752 317 837 350 mihi
870 319 1000 350 donant
1028 332 1100 351 non
1126 332 1243 352 amore

104 379 184 417 mei,
207 379 266 411 sed
293 379 374 411 odio
401 378 606 424 auctoris.²)
632 380 760 413 Verum
784 391 857 421 ege,
881 380 938 424 qui
962 381 1039 424 plus
1064 380 1240 414 conscicn-

106 439 170 473 tiae
193 454 306 479 meae,
345 453 445 484 quam
478 441 611 475 nomini
635 443 770 482 desero,
806 440 905 474 etiam
930 440 956 474 si
980 442 1106 474 addere
1130 442 1242 485 aliqua

106 501 242 541 videor,
275 511 306 534 et
338 503 471 547 explere
495 516 582 547 quae
606 505 745 542 desunt,
777 513 834 536 aut
856 503 1008 535 breviare
1031 516 1118 548 quae
1141 505 1242 545 longa

105 573 192 603 sunt,
215 563 321 596 furari
344 572 457 596 tamen
483 565 618 597 titulum
646 565 726 611 ejus,
755 565 813 609 qui
836 565 1108 609 fundamenta3)
1131 565 1243 609 operis

104 624 193 670 jecit,
218 634 249 657 et
274 626 493 659 construendi
526 626 670 660 aedificii
700 626 876 660 materiam
901 627 1074 671 praebuit,
1110 635 1241 659 rectum

105 700 176 719 non
202 696 297 731 puto.
346 687 398 720 Sit
427 701 508 721 sane
531 689 565 721 in
591 689 732 722 arbitrio
759 688 913 730 legentis,
945 702 1022 722 cum
1048 702 1134 733 opus
1158 701 1240 732 pro-

104 748 252 788 baverit,
291 749 402 793 operis
434 749 593 783 meritum
629 751 683 784 cui
721 751 798 784 velit
828 751 1029 783 adscribere..
1084 749 1242 793 Nobis4)

105 810 196 842 enlm
226 810 442 854 propositum
475 822 532 851 est,
562 826 635 844 non
666 813 824 856 plausum
856 812 1059 853 legentium,
1087 813 1147 845 sed
1170 813 1241 844 fru—

105 881 195 905 etum
220 871 475 916 proficientium
508 886 679 917 quaerere.
738 873 820 906 Post
850 874 917 905 hoc
948 887 1028 907 sanc
1057 882 1156 906 vocat
1178 886 1241 906 nos

105 946 202 977 opus,
226 934 321 977 quod
346 933 429 966 olim
454 935 591 978 quidem
615 934 806 980 injunctum
831 944 888 974 est,
909 936 968 967 sed
984 948 1075 967 nunc
1099 948 1116 967 a
1140 935 1241 967 beato

108 994 304 1028 Gaudentio
346 995 509 1040 episeopo
549 996 777 1028 vehementius
811 1005 1027 1040 perurgetur,
1059 995 1242 1030 Clementis

104 1057 228 1089 seilicet
250 1056 399 1090 Romani
423 1057 592 1101 episcopi,
624 1058 873 1102 Apostolorum
887 1057 922 1101 ⁵)
947 1058 1081 1091 comitis
1105 1071 1144 1091 ac
1165 1072 1242 1091 suc—

106 1119 265 1158 cessoris,
289 1121 331 1152 (le
356 1119 604 1161 Recognitione
634 1119 714 1152 libri
744 1129 781 1152 ut
812 1120 847 1152 in
871 1120 1028 1152 Latinum
1060 1129 1241 1153 vertantur.

107 1180 144 1212 ln
170 1194 238 1224 quo
266 1194 371 1225 opere
393 1182 482 1214 bene
506 1181 605 1221 novi,
641 1182 785 1225 quodfi)
816 1182 971 1215 laborem
1004 1182 1104 1214 labor
1127 1182 1241 1215 multi-

104 1243 218 1286 plicat,
241 1242 266 1276 si
290 1252 415 1276 sortem
439 1243 608 1287 suscipiat.
654 1243 864 1277 satisfaciam
895 1256 976 1277 sane
998 1244 1034 1276 in
1059 1257 1100 1277 eo
1126 1243 1242 1277 amicis

106 1304 204 1337 meis:
231 1305 322 1337 dabo
346 1305 444 1338 titulo
468 1318 598 1339 nomen
622 1318 747 1346 meum,
772 1304 920 1338 auctoris
943 1305 1167 1338 nihilominus
1180 1319 1239 1338 vo-

200 1393 234 1437 ¹)
262 1394 391 1427 Omnes
420 1393 498 1427 Mss.
529 1395 673 1427 habent:
705 1394 761 1434 „in
796 1393 937 1438 epistola
969 1395 1012 1427 ad
1044 1393 1240 1428 Romanos“

105 1448 164 1471 ete.
190 1439 232 1470 R.

197 1495 235 1539 ²)
259 1495 444 1528 Msc.unus
463 1496 581 1528 habet:
606 1494 870 1536 „auctoritatis;“
884 1495 984 1527 alter:
1009 1494 1185 1534 ‚,actoris.“
1202 1495 1239 1527 R.

197 1553 235 1596 3)
259 1553 347 1584 Edd.
372 1550 527 1583 NIerlini:
555 1552 827 1583 fundamentum.

198 1608 236 1652 4)
259 1609 342 1641 Msc.
367 1607 446 1648 Reg.
472 1621 565 1640 nuru.
592 1607 688 1640 1639.
711 1606 841 1646 „Nobis
867 1610 1001 1639 autem“
1024 1616 1084 1639 etc.
1108 1606 1148 1639 R.

197 1664 233 1709 5)
260 1664 317 1697 Sic
341 1672 431 1696 recte
455 1663 539 1695 BIsc.
565 1662 652 1696 Cod.
680 1663 757 1704 Reg.
782 1676 875 1696 num.
902 1663 998 1697 1639.
1042 1660 1135 1694 Editi
1158 1676 1238 1695 vero

105 1714 152 1754 (v
192 1723 219 1743 c.
260 1711 336 1742 edd.
375 1708 463 1753 M.):
503 1708 770 1753 „Apostolmurn
806 1707 951 1760 comitis,
991 1721 1140 1759 qtuorum
1178 1709 1238 1759 (al.

105 1755 223 1800 quod)
248 1765 285 1788 ut
307 1754 555 1787 successoribus
580 1754 695 1786 darem
722 1753 972 1795 cognitionem,
996 1752 1074 1785 libii
1099 1765 1117 1784 a
1142 1752 1239 1785 nobis

104 1802 176 1845 (ed.
201 1801 251 1833 M.
276 1800 300 1831 I.
326 1799 576 1843 cognitionem
602 1798 701 1838 libri,
726 1812 748 1830 α
775 1798 899 1840 nobis)
925 1799 960 1830 iu
984 1798 1139 1831 Latinum
1164 1811 1236 1830 vel-

108 1855 232 1879 tuntur.
281 1845 367 1877 Cod
369 1827 477 1876 U'Mse.
506 1844 735 1882 Ebroicensis,
758 1853 788 1876 et
811 1857 897 1876 unus
921 1843 1002 1884 Reg.
1022 1857 1116 1875 num.
1140 1844 1237 1877 1640.

106 1891 372 1935 „Apostolorum
406 1889 538 1921 comitis
570 1899 601 1921 et
631 1889 692 1933 (al.
718 1888 774 1933 ut)
798 1901 1049 1926 successorum,
1073 1889 1153 1920 (lale
1178 1901 1236 1921 co-

105 1937 293 1980 gnitionem
324 1935 420 1973 libii,
456 1943 492 1966 ut
528 1935 560 1967 in
593 1935 749 1967 Latinum
782 1937 975 1966 veitunttuu‘
1040 1933 1124 1966 7VIsc
1157 1933 1235 1974 Reg

106 1996 199 2014 num.
222 1981 318 2015 1611.
342 1981 615 2030 „Apostolorum
639 1978 768 2012 comitis
794 1988 825 2011 et
848 1977 1046 2011 successoris
1071 1978 1152 2011 dare
1177 1992 1235 2011 co-

105 2027 292 2067 guitionem
316 2025 394 2058 libli
425 2034 459 2057 ut
484 2038 517 2055 ln
544 2024 700 2057 Latinum
727 2033 881 2057 verutatui
884 2028 902 2042 “
934 2024 1017 2056 RIse.
1045 2023 1131 2055 Cod.
1156 2023 1235 2055 Val-

105 2071 327 2104 lis—Clamo
351 2080 387 2103 ut
409 2071 443 2103 in
468 2079 575 2103 textu
598 2069 662 2102 nisi
686 2071 781 2112 quod
807 2070 928 2103 habeat
950 2070 1054 2109 „daie
1076 2067 1234 2102 intentio—

106 2121 218 2157 nem,“
241 2130 321 2161 pro:
347 2117 410 2156 „dc
432 2114 712 2156 Ῑ*ἰιῑουςῐ]ἰῑίοη(;.“ι
736 2115 775 2148 R.

199 2172 236 2216 6)
261 2173 344 2206 Msc.
369 2170 688 2213 Regnurn.1639.
715 2183 757 2214 „q
738 2172 833 2214 quod
856 2170 1008 2203 labmcm
1025 2169 1124 2201 laboi
1147 2168 1234 2200 mul-

109 2218 253 2261 »iplicam
278 2227 369 2250 sorte
393 2216 579 2261 suscipiet.“
627 2216 694 2250 Sed
728 2215 827 2251 ceteri
856 2215 935 2250 Mss
969 2224 1000 2248 ct
1031 2212 1110 2247 editi
1133 2212 1179 2256 (v
1208 2227 1231 2245 e

108 2265 182 2296 cdd,
208 2262 276 2305 Μ.)
301 2272 336 2296 ut
359 2263 392 2295 in
417 2271 514 2295 textu.
540 2261 577 2294 R.
