1377 2454
350 75 703 108 COMMENTAMORUM
727 72 799 106 Lm.
825 71 898 104 VII⁴
1124 74 1189 108 115

53 166 184 211 „nos')
222 165 286 210 ipsi
327 165 535 207 gemimus,“
576 171 609 195 et
637 161 740 206 „ipse
752 161 789 206 ²)
821 161 966 206 Spiritus
1007 161 1185 204 gemitibus

51 227 243 272 interpellat
265 227 381 260 Deum
413 239 476 271 pro
505 223 657 258 sanctis.“
717 222 860 256 Addidit
892 235 973 256 sane
995 223 1030 256 in
1053 223 1104 257 his
1128 237 1183 267 ge-

52 289 205 327 mitibus,
237 302 321 333 quos
353 301 414 333 pcr
445 286 608 331 Spiritum
639 286 716 318 Deo
731 284 767 329 3)
803 283 883 317 dicit
914 285 1050 325 offerri,
1089 287 1183 330 quod

52 352 118 384 sint
140 350 391 383 inenarrabiles.
436 350 512 382 Hoc
536 356 647 380 autem
671 359 784 391 neque
809 346 851 378 de
875 345 977 379 totius
1002 356 1186 387 creaturae,

49 424 162 456 neque
187 412 229 444 de
253 411 320 444 suis
352 410 527 453 gemitibus
560 408 650 441 dixit.
698 408 744 440 Et
767 407 859 447 vide,
889 406 916 439 si
939 421 1119 452 possumus
1149 408 1185 441 in

50 473 118 506 istis
142 472 318 515 gemitibus
342 472 488 504 multum
510 469 655 503 fiduciae
687 478 718 501 et
743 468 906 502 libertatis
940 468 976 501 in
1000 478 1183 513 conspectu

53 534 119 566 Dei
143 534 338 576 intelligere,
365 534 456 577 quod
483 531 610 571 oratio,
637 544 723 575 quae
754 544 831 563 cum
857 531 979 564 dolore
1004 540 1036 563 et
1059 530 1183 572 gemitu

51 596 195 627 offertur
218 596 313 633 Deo,
342 594 484 638 accipiat
516 592 676 625 fiduciam
700 606 717 625 a
744 592 871 637 Spiritu
896 601 1013 625 sancto
1043 594 1182 625 adscen-

51 657 153 689 dendi
177 657 219 688 ad
243 657 367 689 Deum.
416 654 575 699 Denique
606 655 738 694 Adam,
764 667 841 686 cum
866 663 1046 699 peccasset,
1067 654 1182 698 perdi—

47 717 98 750 dit
120 718 289 756 fiduciam,
315 727 347 749 et
370 716 593 760 abscondit4)
618 730 652 748 se
678 729 695 749 a
720 716 805 748 facie
829 716 906 748 Dei.
954 717 1097 749 Sanctus
1122 730 1183 748 au-

47 787 115 811 tem
131 779 241 811 David
267 778 356 817 dicit,
382 778 458 822 quia
484 777 693 819 ‚‚gemitus⁵)
719 790 813 810 meus
838 791 855 810 a
879 786 913 810 te
937 791 1008 810 non
1034 787 1082 810 est
1106 779 1182 810 abs-

48 839 233 874 conditus.“
281 841 349 873 Sed
381 841 568 878 videamus,
605 838 688 884 quid
714 848 762 872 est
787 839 882 883 quod
913 839 1008 872 dicit:
1040 838 1181 884 „ipse⁵)

47 901 192 946 Spiritus
222 901 416 945 interpellat
446 915 510 946 pro
544 902 677 934 uobis.“
733 902 809 933 Hoc
842 900 932 933 enim
964 910 997 933 et
1031 902 1183 934 Joannes

45 964 163 995 Jesum
186 964 296 995 facere
321 963 487 1003 designat,
512 976 588 995 cum
615 962 709 996 dicit:
741 961 924 1006 ‚,filioli,⁷)
957 963 1039 995 haec
1071 962 1182 995 scribo

48 1023 158 1063 vobis,
189 1033 227 1056 ut
256 1037 328 1056 non
358 1024 518 1068 peccetis:
558 1024 584 1056 si
609 1033 722 1056 autem
748 1023 830 1067 αθ)
852 1023 1040 1068 peccaverit
1063 1024 1182 1068 aliquis

48 1094 212 1124 nostrum,
238 1086 438 1117 advocatum
454 1086 617 1117 habemus
640 1085 731 1128 apud
746 1084 883 1117 Patrem
908 1083 1034 1130 justum
1054 1086 1182 1125 Jesum,

49 1146 107 1190 qui
132 1155 164 1178 et
177 1146 212 1190 ⁹)
237 1146 430 1191 interpellat
453 1160 516 1190 pro
541 1145 673 1179 nobis.“
718 1145 764 1178 Et
787 1145 840 1178 hie
856 1146 912 1191 ¹⁰)
938 1146 1106 1191 „Spiritus
1129 1147 1181 1180 in-

47 1207 202 1251 terpellat
231 1221 294 1251 pro
319 1207 450 1240 nobis.“
486 1208 562 1240 Hoc
588 1216 699 1239 autem
724 1206 803 1239 facit
825 1206 971 1251 Spiritus
994 1207 1184 1254 juvans¹¹)

47 1268 275 1300 insu-mitatem
301 1278 463 1301 nostram.
521 1268 619 1311 Quae
650 1277 762 1301 autem
795 1267 836 1300 sit
857 1267 1035 1302 infirmitas
1057 1279 1184 1310 nostra,

46 1328 116 1373 ipse
147 1329 317 1361 Dominus
350 1331 468 1369 docet,
509 1343 586 1361 cum
620 1329 719 1361 dicit:
756 1328 984 1374 „spiritus¹2)
1015 1340 1183 1375 promtus,

47 1403 125 1423 caro
158 1400 269 1422 autem
300 1391 465 1423 infirma.“
521 1390 625 1432 Igitur
655 1390 832 1423 infirmitas
862 1400 976 1423 nostra
1010 1403 1048 1423 ex
1074 1391 1181 1425 carnis

44 1451 240 1484 infirmitate
264 1452 446 1485 descendit.
490 1453 566 1497 Ipsa
594 1461 642 1484 est
667 1451 770 1491 enim,
794 1464 880 1495 quae
905 1452 1183 1498 concupiscit¹³)

45 1514 202 1546 adversus
238 1512 409 1557 spiritum:
442 1523 474 1546 et
506 1515 588 1547 dum
623 1513 913 1557 concupiscentias
945 1527 1020 1546 suas
1052 1513 1183 1555 ingerit,

43 1574 225 1618 puritatem
249 1574 383 1619 spiritus
406 1575 566 1620 impedit,
592 1584 625 1608 et
648 1574 876 1608 sinceritatem
902 1575 1065 1609 orationis
1090 1577 1181 1609 offu—

44 1645 122 1669 scat.
169 1637 237 1670 Sed
262 1636 321 1669 ubi
347 1636 467 1670 viderit
493 1636 638 1681 Spiritus
662 1636 730 1669 Dei
754 1637 913 1670 laborare
936 1636 1093 1682 spiritum
1116 1651 1179 1670 no-

141 1764 174 1806 ¹)
198 1764 300 1797 Rom.
325 1764 416 1804 VIII,
441 1765 494 1799 23.
590 1765 626 1809 ²)
651 1765 752 1797 Rom.
777 1765 870 1804 VIII,
893 1765 947 1800 26.
971 1765 1025 1798 27.

138 1819 175 1864 3)
201 1820 289 1853 Edd.
314 1820 472 1853 Merlini:
499 1820 580 1853 dicit
603 1821 691 1854 Deo.
789 1820 825 1864 ⁴)
852 1820 974 1853 Genes.
998 1819 1057 1861 ΙΙΙ,
1080 1821 1112 1856 8.

139 1876 175 1918 ⁵)
199 1875 322 1909 Psalm.
348 1876 546 1917 XXXVIII,
571 1878 602 1911 9.
628 1876 846 1921 (XXXVII.)

138 1930 174 1974 6)
198 1931 298 1964 Rom.
322 1932 413 1972 VIII,
437 1927 491 1967 26.
519 1954 556 1958 —-
583 1933 673 1966 Edd.
699 1932 855 1965 Merlini:
880 1933 953 1977 ipse
976 1942 1089 1966 autem
1113 1933 1181 1978 spi-

47 1974 127 2007 ritus
154 1985 214 2009 etc.

138 2031 173 2074 7)
202 2031 215 2062 Ι
244 2032 366 2066 Joann.
391 2033 434 2073 II,
459 2037 489 2069 1.
512 2036 543 2068 2.
640 2034 677 2079 8)
702 2034 808 2067 Deest
832 2037 905 2074 „et“
929 2034 965 2066 in
988 2035 1066 2068 edd.
1088 2035 1135 2068 M.

138 2087 174 2131 ⁹)
201 2087 422 2120 Desidet-atur
446 2093 523 2132 ‚,et“
548 2089 584 2122 in
609 2091 685 2123 edd.
710 2090 760 2125 M.

117 2142 173 2186 ¹⁰)
201 2142 253 2175 Cf.
280 2143 294 2174 I
318 2143 442 2176 Joann.
467 2144 510 2183 II,
536 2146 565 2178 1.
591 2146 668 2180 coll.
693 2147 794 2179 Rom.
820 2146 911 2186 VIII,
936 2147 990 2181 26.

120 2198 174 2242 ¹¹)
201 2198 270 2231 Csr.
296 2200 394 2232 Rom.
420 2200 510 2240 VIII,
535 2202 587 2236 26.
688 2204 744 2248 12)
770 2203 891 2237 lVIatth.
917 2202 1045 2242 XXVI,
1068 2203 1121 2237 41.

118 2253 174 2296 ¹³)
201 2254 310 2287 Galat.
336 2256 377 2294 V,
404 2257 456 2290 17.

849 2320 901 2354 8*
