1377 2454
302 95 652 128 COMMENTAMORUM
675 93 747 127 Lm.
772 93 862 126 vm.
1086 93 1152 127 261

27 189 123 232 cst¹)
152 186 256 219 multa
288 184 487 218 differentia.
541 183 799 216 Nonnullorum
833 182 921 215 enim
957 181 1155 215 animalium

29 261 180 294 corpora,
205 247 254 279 vel
279 247 452 285 arborum,
477 246 528 278 vel
554 245 682 284 avium,
706 244 818 277 multis
851 245 1038 277 admodum
1072 258 1154 289 pos-

27 320 101 344 sunt
125 310 246 341 du1·are
273 308 500 352 temporibus:
525 307 671 340 aliorum
697 320 775 339 vero
800 305 932 351 paucis,
969 315 1026 338 aut
1057 306 1155 338 valde

27 370 155 413 exiguis.
203 369 307 412 Quod
332 369 358 401 si
383 370 464 402 haee
490 370 576 401 bene
600 367 801 408 intellexisti,
832 377 1040 400 transeamus
1064 381 1157 400 nunc

25 434 66 465 ab
92 431 249 475 exemplis
275 443 460 475 corporeae
486 429 652 474 qualitatis
677 431 719 462 ad
739 438 879 462 naturae
902 428 1109 461 rationabilis
1120 428 1157 469 ²)

27 493 236 539 qualitatem:
261 501 294 524 et
318 492 410 532 vide,
445 493 621 537 quomodo
647 491 731 524 aliae
764 491 899 535 quidem
925 490 959 523 in
986 489 1157 535 qualitati-

26 557 87 588 bus
111 553 327 587 beatitudiuis
360 555 492 587 saecula
522 554 626 586 multa
658 553 861 597 perdurant:
901 552 980 597 οἰδ)
1014 551 1098 583 aliae
1122 551 1158 584 in

27 616 184 662 qualitate
206 615 355 648 malitiae
378 615 600 648 nihilominus
633 615 764 647 saccula
796 614 902 647 multa
936 621 1158 646 consumunt:

27 678 109 711 aliae
134 691 171 710 ex
196 677 274 721 ipsis
298 690 402 721 parvo
427 687 582 721 tempore
607 676 658 709 vel
681 675 714 708 in
739 676 927 715 virtutibus,
951 675 1003 708 vel
1027 674 1062 707 in
1085 686 1159 706 ma-

26 739 103 772 litiis
127 748 274 778 manent,
292 740 376 772 aliae
396 738 588 783 perexiguo,
613 738 697 771 aliae
713 738 901 770 admodum
919 736 1022 770 brevi.
1059 736 1160 779 Quo-

27 814 101 833 rum
126 814 187 845 per
211 801 340 842 singula
364 799 519 833 notitiam
545 813 607 832 nos
633 799 770 844 quidem
794 799 959 838 homines,
991 806 1111 842 utpote
1124 796 1161 841 ⁴)

28 862 256 906 corruptibilis
272 862 423 906 corporis
442 863 596 906 pondere
612 861 829 906 praegravati,
852 860 1080 905 perexiguam,
1103 868 1162 892 aut

28 923 127 956 ctiam
159 922 290 956 nullam
323 937 442 967 capere
473 936 662 967 possumus.
717 922 787 966 Qui
818 936 898 955 vero
929 930 1097 955 scrutatur
1122 934 1161 953 o-

27 984 177 1029 mnia,⁵)
204 985 302 1017 etiam
328 985 393 1017 alta
416 984 493 1025 Dei,
517 985 662 1029 Spiritus
686 994 818 1017 sanctus
833 984 987 1016 universa
1002 982 1107 1023 novit,
1132 991 1165 1015 et

30 1056 112 1080 nota
139 1046 218 1078 facit
243 1046 295 1078 cui
320 1046 391 1090 ipse
415 1046 560 1078 voluerit
584 1046 742 1078 revelare.
782 1045 819 1077 In
846 1046 895 1078 his
919 1045 1041 1077 etenim
1066 1056 1165 1088 prae-

32 1108 141 1153 cipue,
165 1108 198 1140 id
225 1117 281 1148 est,
306 1107 340 1139 iu
358 1107 605 1151 dispensatione
625 1106 833 1139 rationabilis
846 1107 881 1151 ⁶)
895 1116 1044 1145 naturae,
1069 1107 1165 1149 Apo-

31 1169 188 1202 stolicum
212 1169 298 1201 illud
324 1169 506 1201 dicendum
533 1178 594 1201 est:
621 1182 662 1208 „o
677 1168 713 1213 ⁷)
738 1167 880 1200 altitudo
898 1167 1090 1200 divitiarum
1113 1179 1166 1199 sa-

31 1230 188 1275 pientiae,
214 1240 245 1263 et
269 1230 424 1263 scientiae
449 1230 535 1270 Dei,
565 1243 665 1274 quam
690 1229 918 1262 inscrutabilia
943 1238 1020 1261 sunt
1044 1227 1168 1273 judicia

33 1291 122 1337 ejus,
155 1302 187 1324 et
211 1292 454 1334 investigabiles
478 1292 550 1324 viae
583 1290 693 1336 ejus!“
741 1290 796 1324 Sic
832 1304 910 1332 ergo
936 1289 1169 1333 unusquisque

34 1368 72 1386 cx
97 1353 227 1386 arbitrii
251 1362 417 1398 potestate
443 1362 499 1385 aut
523 1354 613 1384 bona
641 1352 736 1392 oliva,
763 1361 820 1384 aut
845 1352 989 1384 oleaster
1014 1350 1170 1391 efficitur,
1213 1382 1218 1388 ,

35 1424 92 1448 aut
115 1415 287 1447 Israelitici
313 1414 450 1457 generis,
475 1423 532 1446 aut
556 1414 692 1446 alterius
708 1413 884 1458 culpabilis
908 1412 1028 1455 genti5:
1054 1421 1092 1444 ut
1119 1411 1170 1445 di-

35 1486 130 1509 catur
155 1477 197 1509 de
224 1489 284 1509 eo:
309 1476 387 1520 quia
412 1475 568 1516 „alienati
580 1475 616 1519 Β)
640 1484 718 1508 sunt
735 1474 976 1519 peccatores9)
995 1475 1037 1505 ab
1062 1482 1173 1514 utero,

36 1547 230 1571 erraverunt
254 1551 270 1570 a
296 1547 429 1577 ventre,
461 1537 567 1570 locuti
597 1546 676 1571 sunt
699 1537 821 1571 salsa:“
852 1536 898 1570 ita
923 1545 961 1568 ut
984 1535 1049 1568 sint
1072 1548 1170 1580 pere-

133 1672 167 1716 ')
193 1671 416 1704 Desideratur
441 1675 531 1710 ,‚est“
554 1670 588 1703 in
613 1671 689 1704 cdd.
714 1670 763 1703 M.

130 1728 167 1772 ²)
191 1728 256 1761 Ed.
280 1728 331 1761 M.
356 1727 404 1760 II:
430 1726 613 1759 rationalis.

132 1783 169 1827 ³)
195 1783 250 1816 Sic
283 1784 362 1816 Mss.
405 1782 497 1815 Editi
528 1796 608 1815 vero
643 1782 688 1825 (e.
724 1795 750 1814 c.
785 1782 861 1814 edd.
887 1781 970 1825 M.):
1009 1790 1064 1820 „et
1087 1781 1172 1814 aliae

40 1829 202 1908 ῗὶἓέἓιιῐίῑῑιὲ
232 1829 327 1906 (Ιὲἀό.
357 1828 510 1862 Merlini:
543 1826 765 1873 qualitates)
797 1826 960 1872 perfidiae
991 1827 1042 1859 vel
1074 1827 1171 1859 mali-

135 1929 171 1972 4)
196 1929 286 1961 Editi
309 1931 357 1974 (v.
387 1943 414 1962 c.
439 1930 515 1962 edd.
540 1929 625 1974 Μ.>;
651 1939 792 1974 „utpote
818 1928 1072 1974 corruptibiles,
1096 1941 1171 1960 cor-

42 1974 155 2019 poris“
180 1983 238 2007 etc.
263 1975 303 2008 R.

138 2029 173 2073 ἦ)
198 2030 211 2061 I
240 2029 317 2062 Cor.
341 2030 383 2069 Il,
409 2031 460 2063 10.
557 2030 593 2073 ὃ)
617 2031 681 2065 Ed.
706 2031 753 2064 M.
777 2030 825 2063 II:
852 2029 1034 2062 rati0nalis.

139 2085 173 2122 ⁷}
198 2085 300 2118 Rom.
323 2085 384 2124 XI,
408 2086 461 2119 33.
488 2105 529 2110 -
554 2086 642 2118 Edd.
671 2085 821 2119 Merlini:
857 2099 958 2130 quam
980 2085 1174 2129 incompre-

46 2129 223 2162 hensihilia
247 2138 323 2161 sunt
347 2128 469 2174 judicia
497 2140 557 2164 etc.

137 2185 175 2228 Β)
201 2184 322 2217 Psalm.
347 2186 467 2225 LVIII,
490 2189 522 2221 3.
546 2187 686 2231 (LVII.)

140 2241 173 2282 ⁹)
200 2241 291 2274 Editi
326 2244 372 2284 (v.
399 2255 424 2273 c.
451 2243 526 2276 edd.
552 2243 635 2286 M.)
670 2251 885 2287 „peccatores
912 2255 930 2274 a
954 2241 1062 2282 vulva,
1087 2252 1176 2274 erra-

50 2296 167 2320 verunt
192 2287 234 2320 ab
260 2295 368 2327 utero,
394 2286 518 2322 locuti“
544 2296 602 2322 etc.
628 2289 668 2321 R.
