1320 2444
162 96 230 131 354
440 92 621 126 Omoms
642 100 681 125 m
703 91 765 125 ΕΡ.
788 99 837 125 AD
861 90 1040 126 Rommos

255 186 310 219 41.
343 182 497 224 „Omnes
514 183 549 228 ¹)
590 183 730 227 enim2)
758 180 922 216 stabimus
952 192 1031 216 ante
1053 182 1204 217 tribunal
1227 182 1304 218 Dei.

166 247 341 292 Scriptum
366 255 414 280 est
443 245 575 278 enim:“
605 244 782 287 ‚‚„vivo³)
808 257 882 286 ego,
909 245 990 278 dicit
1013 245 1196 286 Dominus,
1220 258 1306 290 quo-

165 311 256 344 niam
282 308 368 342 mihi
391 309 545 341 flectetur
569 320 672 340 omne
696 319 795 347 genu,
818 315 851 339 et
870 307 1089 340 confitebitur
1108 308 1218 340 omnis
1242 307 1306 340 lin-

168 387 231 415 gua
256 373 399 404 Deo.““
443 367 632 413 ‚,ltaque⁴)
663 368 895 413 unusquisque
922 378 1078 401 nostrum
1105 382 1170 413 pro
1195 381 1230 401 se
1253 382 1307 402 ra-

165 435 295 467 tionem
328 433 447 466 reddet
478 432 567 464 Deo.
620 431 700 463 Non
728 442 809 470 ergo
838 430 984 474 amplius
1008 430 1152 463 invicem
1177 429 1306 476 judice-

167 510 260 530 mus:
283 497 342 528 sed
367 495 435 527 hoc
459 493 607 539 judicate
630 492 746 532 magis,
761 504 805 524 ne
828 492 962 536 ponatis
988 492 1216 525 offensionem
1239 493 1307 525 sra-

165 559 220 598 ῐι-ἰ,
246 559 296 590 vel
319 557 551 590 scandalum.“
586 555 769 587 Assumens
793 554 981 598 Apostolus
995 553 1031 598 ⁶)
1059 567 1174 587 causas
1198 566 1235 586 ex
1249 553 1309 593 his,

168 622 203 653 in
237 619 362 664 quibus
386 631 458 651 non
484 626 573 650 recte
598 614 750 661 judicant
774 614 875 659 hi‚⁶)
907 614 966 658 qui
997 614 1151 660 judicant
1181 617 1308 657 fratres,

168 683 251 715 recti
292 691 323 714 et
358 680 435 726 justi
470 678 657 712 introducit
690 677 795 711 divini
826 675 945 722 judicii
978 676 1146 716 formam,
1185 686 1217 709 et
1246 676 1308 709 ait:

167 742 357 787 „omncs⁷)
383 741 472 774 enim
497 754 561 773 nos
584 749 670 774 stare
695 747 831 784 oportet
853 747 930 770 ante
946 738 1214 771 tribunatDei:“
1239 751 1307 782 quo

169 807 294 840 scilicet
315 802 450 837 noverit
479 801 522 841 is,
547 802 605 846 qui
630 800 757 847 judicat
780 803 935 839 fratrem,
967 809 1099 833 tantum
1122 813 1158 833 se
1182 799 1310 832 crimen

171 867 326 901 elationis
339 867 525 903 incurrere,
549 873 586 896 nt
610 864 761 897 tribunal
776 863 844 896 Dei
867 862 931 896 sibi
956 862 1109 896 videatur
1133 873 1311 900 assumere,

169 939 201 962 et
223 927 398 969 Unigeniti
422 926 588 971 judit-ium
618 924 825 970 praevenire.
872 925 1019 963 Verum,
1054 923 1137 968 quid
1166 923 1232 956 sibi
1257 935 1312 955 ve-

167 991 205 1024 lit
230 990 297 1023 hoc
322 989 444 1033 ipsum,
470 989 564 1031 quod
590 988 774 1031 Apostolus
807 986 979 1026 „tribunal
991 985 1028 1031 Θ)
1065 984 1152 1017 Dei“
1178 998 1310 1018 memo-

171 1061 232 1092 rat,
258 1061 288 1084 et
313 1051 494 1095 quomodo
521 1049 777 1090 intelligendum
791 1048 842 1087 sit,
866 1048 1048 1081 videamus.
1094 1047 1176 1079 Non
1200 1047 1312 1079 solum

171 1114 261 1146 enim
276 1113 312 1156 9)
337 1113 371 1145 in
397 1112 464 1145 hoc
492 1112 592 1150 loco,
624 1110 683 1142 sed
709 1118 740 1142 et
764 1110 806 1142 ad
833 1109 1032 1143 Corinthios
1055 1108 1224 1148 scribens,
1254 1106 1311 1140 tri-

169 1175 303 1208 bunalis
328 1173 405 1206 facit
430 1172 654 1205 nihilominus
673 1172 893 1211 mentionem,
913 1172 973 1205 ubi
993 1171 1054 1204 ait:
1079 1168 1311 1216 „promet-¹⁰)

170 1238 265 1281 quod
289 1236 475 1274 studemus,
497 1234 565 1268 sive
589 1243 790 1279 praesentes,
813 1235 880 1266 sive
904 1234 1067 1273 absentes,
1094 1234 1229 1278 placere
1252 1231 1309 1265 illi.

265 1371 299 1413 ι)
325 1370 424 1402 Rom.
451 1368 545 1407 xlv,
569 1368 620 1401 10.
647 1370 699 1402 11.
726 1369 777 1402 12.
804 1367 857 1401 13.

263 1428 300 1469 2)
325 1427 414 1459 Edd.
438 1423 597 1457 Martini:
635 1424 765 1457 Omnes
790 1424 880 1456 enim
905 1432 982 1455 ante
1008 1422 1156 1456 tribunal
1182 1422 1308 1456 Christi

166 1473 341 1508 stabimus.
389 1470 563 1514 Scriptum
590 1478 650 1500 etc.

263 1528 300 1569 ³)
327 1526 399 1559 Cfr.
425 1525 525 1558 JesaL
551 1524 654 1563 XLV,
674 1525 727 1558 23.
753 1524 831 1557 coll.
848 1524 948 1558 Rom.
964 1524 1058 1563 XIV,
1084 1524 1137 1558 11.
1162 1544 1203 1549 —
1224 1524 1311 1557 Edd.

169 1572 325 1606 Blerh'ni:
354 1581 407 1612 „et
432 1570 544 1602 omnis
569 1569 682 1610 lingua
709 1570 928 1603 confitebitur
959 1569 1073 1602 De0.“

265 1629 301 1672 ⁴)
323 1629 452 1660 Verba:
478 1626 617 1670 „ltaque
643 1646 683 1651 —
710 1626 797 1659 Deo.
838 1626 917 1658 Non
935 1638 1014 1667 ergo
1040 1646 1084 1652 —-
1110 1625 1312 1671 judicemus:

170 1676 229 1708 sed
256 1694 296 1699 —-
323 1674 444 1714 magis,
481 1685 522 1704 ne
547 1692 591 1697 --
616 1672 728 1710 fratri,
765 1672 818 1704 vel
849 1672 1086 1710 scandatumff‘
1110 1685 1197 1716 quae
1222 1670 1312 1704 resti-

170 1729 272 1752 tuunt
295 1719 372 1751 Blss.
398 1728 428 1750 et
453 1718 631 1755 Rabanus,
665 1718 699 1748 in
732 1718 827 1750 libris
859 1726 959 1749 antea
991 1716 1086 1749 editis
1111 1717 1158 1760 (e.
1183 1731 1210 1749 c.
1238 1715 1310 1748 edd.

169 1765 238 1807 M.)
261 1777 331 1796 non
358 1771 569 1807 comparent.
594 1762 625 1794 R

264 1820 299 1863 ⁵)
326 1820 428 1852 Deest
456 1819 691 1863 „Apostolus“
724 1818 758 1850 in
797 1817 957 1850 omnibus
1003 1816 1083 1850 Mss.
1116 1817 1254 1855 nostris,
1283 1824 1313 1848 et

171 1877 261 1920 apud
289 1876 489 1915 Rabanum3
513 1876 569 1908 sed
589 1884 689 1907 exstat
704 1875 740 1907 in
766 1874 861 1906 editis
878 1874 928 1918 (v.
950 1887 977 1906 c.
995 1873 1072 1906 edd.
1089 1872 1256 1916 NIerlini).
1273 1870 1309 1904 R.

263 1932 300 1974 ὃ)
327 1931 429 1963 Deest
455 1931 533 1971 ‚,hi“
557 1931 593 1963 in
619 1931 694 1963 edd.
722 1929 769 1963 Μ.

265 1987 301 2031 ⁷)
329 1988 427 2019 Rom.
454 1987 554 2025 XIV,
594 1987 646 2021 10.
684 1986 761 2018 coll.
793 1998 865 2029 pag.
901 1984 969 2030 huj.
1007 1995 1076 2018 not.
1099 1987 1131 2020 2.
1159 2005 1200 2010 —-
1225 1984 1308 2017 Edd.

170 2032 220 2064 M.
247 2042 277 2064 et
306 2032 343 2065 R.
370 2042 406 2064 ut
431 2045 493 2064 nos
519 2031 552 2064 in
580 2041 679 2064 textu.

262 2088 300 2133 S)
330 2088 398 2121 Cfr.
431 2087 532 2121 Rom.
557 2089 657 2127 XIV,
691 2089 742 2121 10.
768 2107 811 2113 -—
835 2087 924 2120 Edd.
950 2086 997 2119 M.
1025 2096 1055 2120 et
1079 2086 1131 2126 R,
1155 2088 1213 2119 cfr.
1236 2095 1306 2130 pag.

171 2134 243 2180 huj.
268 2144 339 2167 not.
364 2134 395 2166 2.
421 2135 499 2166 coll.
524 2142 595 2165 not.
621 2134 650 2167 7.
673 2132 845 2173 „tribunal
869 2132 967 2165 Dei.“

264 2188 300 2235 ⁹)
327 2190 429 2223 Deest
465 2189 500 2222 in
548 2187 642 2222 libris
686 2198 784 2223 antea
825 2189 921 2223 editis
960 2188 1010 2234 (v.
1046 2200 1073 2222 c.
1107 2186 1186 2220 edd.
1226 2182 1306 2228 M.):

173 2236 315 2277 „enin1.“
341 2234 379 2266 R.

244 2293 302 2337 ¹⁰)
327 2292 357 2324 Π
383 2292 463 2326 Cor.
491 2291 529 2332 V,
552 2292 583 2326 9.
609 2291 658 2325 10.
