1377 2454
319 76 669 111 Commmmmonum
700 76 774 109 Lm.
798 76 856 109 VI.
1109 76 1154 111 79

26 169 67 202 ad
92 166 273 212 discipulos
305 166 448 212 dixit:¹)
478 165 685 210 „accipite²)
719 165 885 210 Spiritum
917 175 1088 199 sanctum:
1121 175 1153 199 et

24 227 203 262 insufflavit
240 227 275 260 in
313 241 524 272 unoquoque
561 231 711 260 eomm.“
764 226 867 259 Unde
896 227 979 260 mihi
1009 227 1153 268 videtur,

26 291 117 336 quod
142 299 174 322 et
197 289 324 323 meritis
348 289 567 334 conquiratur
590 289 705 333 hoc³)
731 290 871 328 donum,
888 298 920 321 et
942 289 1027 321 vitae
1050 290 1152 322 inno·-

24 352 130 385 centia
155 361 386 391 conservetur,
411 360 442 384 et
466 350 649 395 unicuique
681 351 867 383 secundun]
893 352 1086 394 profectum
1111 351 1152 383 fi·-

23 413 77 447 dei
102 423 261 456 augeatur
285 423 316 446 et
341 412 478 455 gratiam
502 422 533 445 et
558 421 683 457 quanto
709 411 829 456 purior
852 411 962 444 anima
988 412 1152 452 redditur,

21 485 115 508 tanto
139 474 264 517 largior
288 474 316 507 ei
341 474 483 519 Spiritus
506 472 765 518 infundatur.⁴)
821 472 928 516 Quod
961 482 1073 505 autem
1100 473 1151 506 di-

22 537 83 570 xit:
109 536 248 580 ‚,non⁵)
271 534 480 580 permanebit
503 534 646 580 Spiritus
671 548 766 568 meus
791 534 826 567 in
852 534 1046 567 hominibus
1072 534 1152 575 istis,

24 597 101 642 quia
126 611 203 630 caro
228 606 305 630 sunt
315 602 343 629 :“
366 597 446 629 illuc
470 596 612 641 respicit,
638 605 685 635 ut,
711 596 873 640 quoniam
893 596 1003 629 anima
1021 610 1152 636 eorum,

22 659 195 704 repudiata
228 657 371 702 Spiritus
402 658 575 698 servitute,
606 657 698 702 ad⁶)
730 658 837 690 carnis
861 657 991 690 servitia
1017 671 1052 690 se
1077 667 1148 690 tota

23 721 194 761 convertit,
219 719 317 752 etiam
340 720 409 764 ipsa
435 719 521 766 ejus,
554 719 607 752 cui
631 734 665 753 se
690 718 865 765 conjunxit
890 719 992 758 carni,
1017 729 1048 752 et
1074 733 1151 752 cum

22 795 86 826 qua
110 795 216 815 unum
249 783 366 815 effecta
390 791 454 825 est,
484 794 611 814 nomen
642 781 791 826 accipiat.
849 781 997 814 Diversis
1012 782 1046 825 ⁷)
1072 795 1150 823 crgo

20 842 129 876 modis
153 842 269 876 haberi
293 853 405 887 potest
428 843 582 887 Spiritus.
629 844 692 875 Vel
726 842 871 888 Spiritus
899 842 1021 875 Christi
1047 844 1151 876 habe-

19 914 83 945 tur,
107 906 293 938 secundum
317 904 362 944 id,
386 905 480 949 quod
504 917 603 949 supra
630 904 783 944 diximus,
809 917 846 936 ex
867 904 1087 949 inspiratione
1101 905 1152 937 di-

20 965 105 1005 vina,
129 966 188 999 ubi
213 965 272 998 ait:
297 965 506 1010 ‚,accipite⁸)
531 966 695 1010 Spiritum
719 976 890 1005 sanctum,
916 975 945 998 et
971 966 1153 1000 insufflavit

20 1027 55 1059 in
80 1026 117 1059 iis
130 1031 158 1060 :“
187 1037 217 1060 et
240 1041 373 1060 rursum
398 1040 437 1060 eo
459 1029 576 1066 modo,
602 1042 670 1072 quo
690 1028 725 1060 in
746 1027 886 1060 Actibus
904 1028 1150 1072 Apostolorum

21 1087 190 1132 dicum-⁹)
215 1098 352 1130 gestum,
378 1098 415 1121 ut
440 1089 574 1122 diversis
592 1088 713 1130 linguIS
738 1090 960 1133 loquerentur
985 1089 1152 1134 Apostoli.

20 1149 152 1191 Est¹⁰)
177 1159 208 1182 et
232 1149 288 1182 ille
312 1151 453 1191 modus,
485 1150 541 1195 qui
573 1150 607 1182 in
641 1151 838 1192 Regnorum
872 1150 965 1184 libris
999 1152 1151 1191 refertur,

21 1223 98 1242 curu
124 1210 203 1243 dicit
227 1211 421 1256 Scriptura:
447 1212 570 1255 ‚‚ct¹¹)
594 1211 722 1245 insiluit
751 1211 896 1257 Spiritus
927 1226 1028 1257 super
1058 1214 1152 1253 Saul,

113 1305 146 1348 ¹)
170 1305 259 1338 Edd.
284 1304 441 1338 Merlini:
469 1305 558 1338 dicit.

110 1361 147 1403 ²)
171 1360 229 1393 Ev.
253 1361 377 1394 Joann.
407 1361 487 1401 XX,
518 1362 571 1396 22.
604 1381 645 1386 —
670 1361 759 1395 Edd.
783 1361 940 1395 Merlini:
964 1361 998 1394 in
1024 1376 1149 1395 unum-

20 1418 188 1450 quemque
213 1419 341 1438 eorum.

109 1461 145 1505 ³)
170 1461 257 1494 Edd.
282 1462 438 1495 Merlini:
464 1463 594 1495 donum
619 1463 695 1496 hoc.

112 1516 149 1561 Δ>
173 1517 261 1550 Edd.
285 1518 438 1551 Merlini:
462 1518 661 1551 infunditur.
757 1518 793 1563 5)
820 1518 942 1552 Genus.
966 1520 1024 1556 Vl,
1048 1520 1079 1553 3.

109 1572 146 1617 ⁶)
173 1572 262 1606 Alias
286 1574 333 1617 (v.
359 1587 386 1607 c.
409 1573 444 1606 in
472 1576 548 1607 edd.
577 1574 665 1617 M.):
695 1575 758 1614 „ad
791 1575 898 1607 carnis
922 1575 1052 1608 servitia
1079 1585 1149 1608 tota

19 1619 226 1651 convertitur
256 1618 316 1663 (al.
343 1620 559 1660 convertit),
587 1620 685 1653 etiam
717 1619 788 1664 ipsa
823 1619 852 1652 ei
876 1620 984 1664 (alias,
1009 1635 1035 1652 v.
1062 1634 1088 1653 c.
1114 1620 1149 1653 in

19 1663 69 1696 ed.
97 1663 145 1696 Μ.
171 1664 200 1695 Ι;
228 1664 311 1707 ipsa
335 1666 398 1704 eis,
422 1666 462 1697 al.
487 1666 566 1708 ipse
588 1665 696 1709 ejus),
722 1665 775 1697 cui
799 1678 833 1697 se
858 1665 1033 1711 conjunxit
1057 1665 1149 1698 carni

17 1707 125 1752 (allas,
145 1722 173 1740 v.
198 1721 223 1740 c.
249 1708 283 1741 in
308 1711 383 1742 edd.
409 1709 473 1749 M.,
500 1710 646 1755 carne),
678 1719 708 1742 et
740 1724 817 1742 cum
843 1723 907 1754 qua
933 1724 1039 1742 unum
1066 1712 1148 1743 esse-

19 1761 69 1784 cta
95 1762 141 1785 est
164 1753 223 1798 (al.
258 1752 418 1798 effectus
452 1755 540 1797 est),
572 1769 644 1788 non
674 1757 830 1788 accedat“
862 1755 978 1799 (alins,
1011 1769 1036 1789 V.
1064 1769 1090 1788 c.
1114 1755 1150 1788 in

20 1797 96 1830 edd.
120 1798 177 1836 M,
201 1811 273 1832 non
299 1799 453 1841 accedit,
479 1801 522 1836 al,
548 1812 680 1834 nomen
698 1802 854 1845 accepit,
878 1801 918 1833 al.
937 1812 1068 1833 nomen
1085 1814 1149 1833 ac-

19 1842 149 1886 cipit.)
176 1843 217 1877 R·

38 1941 45 1949 ⁸
113 1896 148 1937 ⁷)
172 1898 255 1931 Msc.
280 1913 382 1933 unus:
409 1901 579 1940 „Diversis
604 1915 681 1943 ergo
695 1901 807 1934 modis
822 1901 927 1946 accipi
944 1911 1055 1946 potest
1079 1901 1148 1947 spi-

18 1950 100 1974 ritus
125 1942 201 1980 Dei,
227 1945 277 1976 vel
302 1945 434 1988 spiritus
460 1946 599 1980 Christi:
623 1948 809 1980 secundum
834 1946 891 1979 id“
916 1957 977 1980 ete.
1002 1948 1043 1985 R,

111 1997 147 2041 ⁸)
172 1998 230 2031 Ev.
255 2000 378 2034 Joann.
402 2003 480 2042 XX,
503 2003 555 2036 22.
582 2003 659 2035 coll.
685 2016 717 2047 p.
743 2001 810 2048 huj.
836 2012 905 2036 not.
928 2003 959 2035 2.

111 2055 147 2097 9)
172 2055 262 2087 Alias
285 2056 332 2099 (ν.
358 2070 383 2089 c.
407 2057 442 2090 in
467 2060 542 2091 edd.
568 2059 655 2103 M.:)
681 2058 785 2098 „dixit
798 2064 958 2100 gestumf‘
986 2059 1054 2092 Sed
1068 2059 1147 2091 Mss.

21 2099 89 2131 duo
114 2109 152 2132 ut
177 2099 210 2131 in
235 2109 352 2133 nostro
375 2111 475 2136 textu.
498 2104 540 2136 R.
564 2123 606 2128 -
633 2103 702 2136 Csr.
728 2105 801 2137 Act.
826 2104 868 2143 Il,
887 2103 919 2136 4.

91 2154 147 2199 ¹⁰)
173 2155 281 2188 Alias:
317 2157 380 2196 „Et
409 2157 469 2191 illo
502 2161 626 2198 modo,
661 2173 729 2204 quo
764 2159 800 2192 in
834 2160 1053 2203 Regnorum“
1086 2168 1147 2192 etc.

19 2200 86 2233 Sed
110 2201 190 2233 Mss.
216 2202 284 2233 duo
310 2211 347 2234 ut
369 2201 404 2234 in
428 2213 545 2237 nostro
571 2214 672 2238 textu.
697 2205 727 2238 R

92 2255 148 2300 Η)
172 2257 186 2289 ῐ
211 2257 304 2291 sam.
324 2257 367 2299 x,
393 2261 443 2295 10.
467 2259 500 2304 (ι
525 2260 646 2306 Regg.)
