1377 2454
167 72 233 108 138
433 69 611 104 Onmnms
634 80 670 104 m
694 69 756 103 ΕΡ.
780 76 827 103 An
854 69 1033 103 Rommos

168 171 231 196 est:
255 175 326 195 non
351 170 462 206 potest
487 173 566 202 ergo
591 174 656 205 pro
683 170 715 193 te
728 160 846 193 veritas
871 159 998 191 fallere.
1038 158 1078 191 In
1093 157 1127 202 ¹)
1151 158 1219 191 hoc
1237 157 1299 192 tibi

169 223 393 268 opitulabitur
417 224 616 262 advocatus,
651 235 695 255 ne
719 221 923 255 accusatoris
948 220 1124 254 calumniis
1146 220 1300 254 involva-

168 286 224 325 ris,
247 299 290 318 ne
313 284 374 318 tihi
397 284 577 330 praeterita
601 293 750 329 peccata,
774 282 908 328 quae2)
926 294 990 327 per
1010 282 1216 327 baptismum
1241 282 1300 314 de-

170 349 235 380 leta
258 356 346 386 sunt,
369 347 589 391 imputentur.
644 346 681 379 Si
715 358 794 378 vero
827 353 906 389 post
935 344 1019 376 haec
1041 343 1164 376 iterum
1191 343 1299 376 delin—

171 423 265 454 quas,
288 422 351 441 nec
376 408 452 440 ullis
478 408 560 439 haec
584 406 814 451 poenitentiae
843 404 998 452 la'crymis
1021 406 1139 445 diluas,
1163 418 1300 438 accusa—

169 471 237 504 tori
257 480 316 503 tuo
343 469 546 502 criminandi
571 478 603 501 te
627 467 801 501 materiam
827 467 942 500 dabis:
975 476 1007 500 et
1036 466 1186 511 quamvis
1205 466 1302 499 Jesus

168 532 362 577 interpellet
378 544 441 576 pro
457 531 569 570 nobis,
594 544 665 563 non
690 539 800 576 potest
815 539 929 563 tamen
942 529 979 573 3)
996 529 1108 563 dicere
1123 528 1229 567 Jews,
1251 536 1299 560 te-

168 595 290 627 nebras
304 592 340 637 ²²)
362 593 474 625 lucem
499 605 577 632 esse,
602 605 713 636 neque
737 605 891 624 amarum
925 592 1033 625 dulce.
1079 590 1117 623 Si
1152 601 1231 631 ergo
1256 588 1302 622 vis

169 656 304 689 vincere
328 654 455 697 cum5)
477 653 646 700 judicaris,
668 655 721 687 fae
747 655 842 698 quod
867 655 908 687 de
942 652 1030 698 justo
1053 652 1214 696 scriptum
1241 660 1302 684 est:

170 716 384 762 ‚‚disp011e⁶)
409 728 582 748 sermones
597 725 673 748 tuos
689 715 723 748 in
743 714 872 761 judicio
885 719 913 747 :“
937 713 1172 760 „praepara⁷)
1198 725 1303 757 opera

171 790 228 813 tua
253 780 295 812 ad
321 779 484 811 exitum:“
507 786 700 816 „memento
715 776 751 821 ε“)
774 777 1036 810 novissimorum
1049 785 1199 814 tuorum,
1223 784 1255 806 et
1267 774 1304 817 ⁹)

170 842 206 874 in
229 850 403 874 aeternum
428 852 500 871 non
523 839 680 883 peccabis
691 844 718 871 :“
742 852 785 871 ne
808 839 870 873 tibi
895 838 1066 878 contingat
1088 836 1187 874 illud,
1209 835 1304 879 quod

172 905 216 937 de
239 903 390 947 quodam
415 900 577 944 scriptum
603 910 665 933 est:
699 914 798 940 „cum
813 901 870 945 ¹⁰)
894 899 1080 945 judicatur,
1105 906 1198 930 exeat
1222 909 1305 928 con-

173 967 380 999 demnatus.“
438 961 526 994 Vide
556 970 686 1000 autem,
718 962 898 1006 quomodo
933 960 1067 1000 audias,
1097 958 1175 1002 quia
1208 958 1305 990 Jesus

171 1023 455 1070 „interpellat¹¹)
487 1036 552 1067 pro
584 1023 715 1056 nobis.“
776 1023 852 1067 Ipse
883 1031 930 1055 est
954 1021 1063 1060 enim,
1098 1022 1141 1053 de
1172 1032 1242 1064 quo
1275 1027 1307 1050 et

173 1088 254 1122 alibi
279 1086 441 1129 scriptum
468 1094 524 1123 est,
548 1084 626 1128 quia
652 1083 843 1126 ‚‚Pater¹²)
875 1082 1047 1115 neminem
1072 1081 1218 1128 judicat,
1247 1080 1306 1113 sed

174 1162 278 1182 omne
292 1147 457 1193 judicium
482 1146 575 1178 dedit
590 1145 720 1178 Filio:“
744 1154 775 1177 et
791 1144 878 1178 sicut
901 1144 973 1188 ipse
998 1153 1045 1176 est
1067 1143 1177 1176 hostia
1201 1151 1233 1174 et
1255 1154 1307 1174 sa-

174 1212 305 1250 cerdos,
331 1219 363 1242 et
384 1208 455 1253 ipse
479 1218 526 1241 est
548 1207 584 1240 in
607 1209 719 1240 forma
734 1207 787 1250 13)
810 1206 895 1240 servi
919 1215 951 1239 et
972 1205 1008 1238 in
1032 1206 1144 1238 forma
1159 1202 1236 1243 Dei,
1261 1202 1308 1236 sic

174 1273 246 1317 ipse
270 1280 317 1304 est
342 1270 441 1314 εἴη)
467 1271 646 1303 advocatus
672 1278 702 1301 et
723 1267 834 1313 judeX.

251 1361 285 1405 ¹)
335 1359 391 1392 Sic
417 1372 534 1391 omnes
566 1357 645 1390 Blss.
678 1366 710 1389 et
744 1356 913 1389 Rabanus.
967 1355 1059 1388 Editi
1092 1367 1172 1387 vero
1205 1354 1251 1398 (e.
1279 1368 1304 1386 c.

177 1408 253 1440 edd.
277 1405 362 1449 ΠΙ.)
395 1403 454 1443 „In
487 1416 555 1447 quo
588 1401 670 1434 tibi“
703 1411 764 1434 etc.
789 1401 829 1434 R.
854 1421 894 1426 —
920 1401 984 1434 Ed.
1009 1400 1057 1432 Μ.
1082 1401 1123 1433 l.:
1152 1399 1212 1439 „In
1238 1412 1307 1443 quo

177 1451 236 1485 tibi
261 1471 302 1477 -—
328 1448 534 1482 advocatus?
558 1448 608 1480 Ne
633 1469 676 1476 —
700 1447 920 1490 imputentur.
975 1446 1011 1479 Si
1036 1449 1138 1478 vero“
1162 1454 1232 1483 etc„
1257 1445 1309 1478 ed.

174 1498 224 1531 M.
249 1496 296 1528 II:
319 1495 379 1535 „In
405 1507 473 1538 quo
498 1493 558 1526 tibi
582 1515 626 1522 —
651 1493 846 1525 advocatus:
873 1504 915 1524 ne
942 1511 982 1516 —-
1006 1488 1242 1535 imputentur?
1272 1488 1309 1521 Si

176 1547 277 1576 vero“
303 1550 364 1573 etc.

269 1598 307 1641 2)
330 1596 420 1629 Edd.
448 1593 602 1626 Merlini:
629 1606 715 1636 quae
738 1592 800 1625 tibi
823 1604 886 1636 pen·
910 1601 969 1624 etc.

270 1654 307 1698 3)
329 1651 550 1684 Desideratur
573 1652 728 1689 „tamcn“
750 1648 786 1681 in
814 1647 918 1682 editis.
950 1647 990 1680 R.
1016 1667 1057 1672 —-
1082 1646 1216 1687 Legitur
1241 1654 1307 1685 „ta-

178 1704 278 1734 rnen“
302 1699 336 1731 in
367 1697 442 1729 edd.
468 1696 516 1727 Μ.

269 1755 306 1799 ⁴¹)
333 1753 401 1787 Cfr.
425 1751 523 1785 Jesai.
548 1751 589 1790 V,
612 1751 665 1784 20.

271 1811 307 1855 ⁵)
330 1808 424 1842 Edit}
447 1809 494 1851 (v.
520 1821 546 1839 c.
571 1808 646 1840 edd.
670 1805 755 1849 Mff)
780 1807 892 1850 „quod
912 1805 1100 1851 judicaris.“
1128 1804 1164 1836 R.
1181 1822 1225 1830 -ο
1240 1803 1309 1840 Cfr.
1356 1828 1361 1832 -

175 1858 298 1893 Psalm.
326 1855 381 1893 LI,
402 1854 433 1886 4.
462 1852 536 1897 (L.)

270 1913 308 1957 5)
333 1911 403 1944 Csr.
427 1909 551 1941 Psalm.
578 1906 683 1945 CXII,
707 1908 736 1940 5.
763 1906 892 1950 (CXI.)

271 1969 308 2013 7)
332 1967 432 2000 Prov.
457 1963 585 2001 XXIV,
608 1964 660 1996 27.

258 2026 310 2069 ·8)
335 2024 414 2066 Sap.
441 2020 504 2053 Sir.
530 2019 602 2057 VH,
625 2019 678 2052 36.
706 2017 945 2061 (Ecclesiastic.
971 2018 1044 2058 VII,
1067 2016 1141 2061 40.)

272 2081 309 2125 9)
335 2080 425 2112 Alias
449 2077 496 2121 (v,
522 2090 548 2108 c.
573 2076 607 2107 in
635 2075 710 2107 edd.
737 2073 821 2117 M.):
847 2084 900 2114 „et
925 2087 994 2106 non
1021 2072 1176 2118 peccabis
1187 2078 1213 2112 ,⁴¹
1237 2072 1311 2103 abs—

181 2141 262 2174 que:
286 2127 341 2166 „in
367 2126 573 2156 aeternum.“
598 2120 625 2151 R

252 2182 310 2227 ¹⁰)
333 2181 456 2214 Psalm.
480 2178 570 2216 CIX,
594 2178 623 2210 7.
648 2174 808 2219 (CVIII.)
884 2174 939 2218 ¹¹)
964 2174 1064 2207 Rom.
1091 2172 1179 2211 VIII,
1201 2172 1254 2206 34,

255 2238 311 2283 ¹²)
335 2238 393 2270 Ev.
417 2235 541 2268 Joann.
568 2234 607 2273 V,
630 2234 683 2267 22.
780 2230 835 2274 ¹3)
863 2230 1011 2276 Philipp.
1039 2229 1080 2269 ll,
1103 2229 1132 2263 7·
1158 2229 1189 2264 6.

257 2296 313 2338 ¹⁴)
336 2294 439 2326 Deest
465 2295 536 2331 ,‚ct“
563 2290 596 2323 in
624 2289 699 2322 edd.
726 2286 771 2320 M.
