1377 2454
160 79 205 113 94
431 76 608 111 Ommzms
630 88 667 111 m
690 77 752 112 ΕΡ.
775 86 823 111 AD
849 77 1028 112 Rommos

163 166 367 202 extrinsecus
390 178 550 213 possunt;
575 178 631 201 aut
656 168 753 202 etiam
779 168 804 202 si
829 169 902 213 quis
925 169 982 203 illa
1006 169 1183 209 sustineat,
1214 182 1301 214 quae

163 232 206 263 dc
238 231 307 263 Job
339 230 509 274 script-³¹¹)
536 244 604 263 esse
635 240 882 270 memorantur,
914 231 974 264 ubi
1004 245 1076 264 non
1107 232 1220 264 solum
1253 245 1302 272 ea,

164 307 252 338 quae
274 301 362 325 extra
394 292 504 336 ipsum
539 292 574 324 in
610 293 824 325 facultatibus
850 306 887 325 ac
910 292 1024 326 liberis
1048 290 1115 326 esse
1139 293 1303 326 videban-

161 363 228 393 tur,
254 354 357 387 Satan
376 354 412 398 2·’)
438 353 599 392 exstinxit,
623 367 738 386 verum
766 354 864 387 etiam
890 367 962 387 ossa
988 363 1019 387 et
1038 368 1174 388 carnem
1200 354 1302 399 ipsius

164 416 312 456 contigit,
338 425 367 448 et
392 416 555 460 percussit
580 429 656 447 eum
683 417 822 449 vulnere
846 417 993 460 pessimo
1028 429 1046 449 a
1078 416 1223 460 pedibus
1248 429 1303 447 us-

163 491 230 522 que
254 479 297 510 ad
332 487 448 521 capnt,
485 479 528 510 ita
562 486 599 509 ut
628 486 745 511 testam
779 491 912 512 sumens
945 480 1078 511 raderet
1106 477 1234 510 saniem
1261 478 1304 509 de

163 540 334 572 ulceribus
358 539 423 572 suis
456 540 638 572 fluentem:
673 539 715 579 si,
749 540 908 583 inquam,
938 539 989 573 his
1021 539 1133 573 adhuc
1162 547 1305 582 possunt

165 614 233 634 esse
258 600 421 641 graviora,
446 614 532 644 quae
556 603 706 645 perferat
730 601 766 640 is,
791 601 849 645 qui
872 601 906 633 in
932 601 994 633 hac
1020 602 1083 634 vita
1108 600 1304 633 brevissima

162 664 196 696 in
225 662 384 695 omnibus
406 662 662 695 tribulationem
688 664 828 708 patitur,
862 662 920 706 qui
953 661 1068 694 animo
1102 671 1132 694 et
1156 673 1305 705 corpore

165 724 346 763 cruciatur,
373 734 404 756 et
429 727 582 757 conserat
607 726 689 758 llaec
715 724 827 769 „ad³)
866 725 1014 756 futuram
1039 722 1194 765 gloriam,
1218 735 1321 772 quaed

163 786 388 820 revelabitur“
413 786 446 819 in
472 786 612 826 sanctis,
642 787 721 830 et⁴)
747 787 814 825 his,
840 798 927 830 quae
952 786 1093 824 „oculus
1115 798 1188 818 non
1213 784 1305 823 vidit,

163 861 228 880 nec
254 848 341 880 auris
367 848 511 888 audivit,
536 862 599 881 nce
624 848 658 881 in
693 862 753 881 cor
777 848 926 880 liomInis
954 847 1157 886 adscendit,“
1180 845 1306 879 intelli-

163 922 241 951 gere
273 918 401 953 potest,
435 911 614 954 quomodo
647 910 772 943 Paulus
810 909 957 952 altius⁵)
989 909 1050 942 ista
1087 908 1329 942 considerans.

166 971 315 1014 dicitzss)
348 971 570 1015 ‚,existimo⁷)
595 972 698 1011 enim,
724 975 888 1016 quoniam
920 984 993 1003 non
1024 970 1090 1004 sint
1115 970 1306 1010 condignae

164 1034 337 1078 passiones
361 1032 460 1078 hujus
485 1034 648 1077 temporis
675 1035 716 1067 ad
742 1036 890 1067 futuram
916 1032 1077 1074 gloriam,
1100 1044 1188 1076 quae
1211 1042 1305 1063 reve-

164 1095 292 1127 labitur
315 1096 350 1127 in
374 1094 507 1127 nobis.“
543 1095 635 1127 Nihil
658 1095 746 1128 enim
760 1094 795 1139 Β)
815 1095 954 1136 dignum
966 1093 1110 1126 inveniri
1135 1093 1186 1125 vel
1212 1105 1307 1125 com-

164 1156 278 1201 parari
305 1158 347 1190 ad
373 1157 520 1189 suturam
547 1156 689 1197 gloriam
716 1166 835 1201 potest.
882 1157 920 1189 ln
952 1169 1020 1200 quo
1047 1155 1137 1188 enim
1162 1154 1307 1187 mortale

164 1219 416 1252 immortalibus
441 1217 621 1251 conferas?
649 1228 706 1251 aut
728 1219 951 1252 invisibilibus
975 1215 1138 1251 visibilia?
1169 1225 1226 1250 aut
1250 1228 1321 1266 ae-¹

164 1280 268 1313 ternis
293 1279 520 1323 temporalia?
545 1289 601 1313 aut
626 1281 753 1313 caduca
779 1279 978 1325 perpetuis?
1011 1280 1047 1313 Si
1082 1291 1169 1323 quae
1192 1287 1305 1310 tamen

164 1341 200 1374 in
226 1340 393 1385 praesenti
424 1341 488 1373 vita
523 1342 612 1374 velut
645 1343 812 1385 quaedam
846 1350 988 1386 possunt
1016 1342 1147 1383 semina
1179 1339 1308 1381 gloriae

167 1403 281 1443 colligi
306 1403 450 1441 futurae,
474 1402 544 1441 ista,
568 1403 775 1447 inquam‚9)
804 1403 933 1436 semina
969 1416 1005 1435 ex
1030 1399 1307 1434 tribulationibus

167 1473 199 1496 et
229 1463 443 1508 passionibus
477 1464 702 1504 colliguntur,
739 1465 826 1498 sicut
864 1475 895 1498 et
929 1465 965 1498 in
998 1464 1069 1497 aliis
1104 1462 1185 1495 dicit
1214 1463 1306 1495 idem

166 1525 368 1570 Apostolus:
391 1526 508 1569 „quod
524 1525 579 1569 ¹⁰)
605 1526 695 1559 enim
720 1527 754 1560 in
770 1527 779 1546 ¹
793 1527 826 1571 ¹)
844 1526 1012 1572 praesenti
1025 1534 1306 1559 momentaneum

262 1640 297 1684 ¹)
322 1640 406 1674 Msc.
431 1656 536 1676 unus:
572 1653 681 1685 „gesta
706 1646 973 1676 memorantur.“
997 1641 1037 1675 R.
1060 1663 1105 1669 —
1131 1641 1202 1675 Cfr.
1225 1641 1306 1675 Job.

166 1687 192 1720 I.
218 1696 248 1720 ct
272 1686 313 1719 ll.

262 1743 299 1787 ²)
324 1743 427 1777 Deest
450 1744 597 1784 „Satan“
620 1745 653 1777 in
681 1746 757 1779 edd.
781 1745 830 1778 M.
926 1743 963 1788 ³)
988 1744 1088 1777 Rom.
1114 1743 1206 1783 VIII,
1230 1742 1283 1777 18.

261 1798 297 1842 4)
323 1799 425 1832 Deest
449 1806 522 1839 „et‘
547 1800 581 1833 in
608 1803 684 1834 edd.
710 1801 759 1833 M.
1181 1817 1183 1819 ·

263 1854 297 1898 ⁵)
323 1854 545 1889 Desideiatui
575 1858 609 1890 in
639 1867 737 1891 antea
767 1858 862 1891 editis
894 1857 942 1901 (v.
976 1870 1003 1889 c.
1030 1857 1105 1890 edd.
1130 1855 1214 1899 Μ.);
1237 1855 1307 1896 „al-

166 1899 239 1932 tius.
243 1903 262 1918 “
289 1899 327 1933 R.

264 1955 300 1999 fi)
324 1956 414 1989 Edd
440 1956 595 1990 Meilini:
624 1958 714 1992 dixit.
811 1959 846 2003 ⁷)
872 1958 972 1992 Rom
996 1956 1167 1995 V111,18.

254 2011 299 2089 18))
325 2013 418 2046 Alias
443 2013 490 2057 (v.
517 2028 542 2046 c.
565 2015 599 2048 in
627 2016 702 2048 edd.
728 2014 814 2058 M.):
845 2015 958 2055 „Nihil
982 2014 1120 2059 quidem
1146 2012 1307 2054 dignum“

169 2066 230 2090 etc.
273 2073 283 2089 ι

264 2113 300 2157 9)
324 2113 417 2146 Editi
442 2114 488 2158 (v.
516 2129 543 2148 c
573 2116 648 2148 edd.
674 2115 721 2148 Μ.
725 2115 752 2159 ),
778 2124 809 2148 et
827 2115 1006 2149 Rabanus:
1030 2113 1192 2160 ,‚1nquit“
1238 2113 1307 2147 Sed

173 2171 292 2192 omnes
318 2158 397 2191 Mss
423 2160 547 2192 nostri:
573 2161 769 2204 „inquam.“
794 2160 823 2192 R

246 2215 303 2258 ¹⁰)
327 2215 358 2246 ll
384 2213 462 2248 Cor.
491 2215 549 2256 IV,
573 2218 625 2252 17.
650 2218 702 2252 18.

245 2270 301 2314 ¹¹)
326 2271 410 2305 Msc.
436 2286 539 2306 unus:
563 2273 618 2314 „in
642 2272 812 2318 praesenti
835 2271 933 2306 vita.“
956 2270 996 2303 R.
