1377 2454
156 55 223 93 106
425 54 604 88 Omnes-ts
627 63 666 88 m
687 54 749 88 EP.
773 62 819 88 An
845 53 1024 89 Rommos

155 144 392 186 disseruimus,
422 144 521 178 multi
545 144 610 179 sint
634 144 769 190 spiritus
792 144 1025 179 ministeriales
1041 144 1075 189 ¹)
1098 144 1291 179 ministran-

154 218 203 242 tes
234 208 270 241 in
300 206 487 241 ministerio
518 216 661 251 propter
692 220 767 247 eos,
797 207 856 252 qui
890 206 1130 240 haereditatem
1155 207 1291 251 capiunt

153 270 287 309 salutis,
316 270 379 304 sub
413 268 536 314 quibus
569 282 667 311 agens
695 268 929 313 unusquisque
963 268 1174 302 credentium
1199 268 1293 302 velut

153 333 217 366 sub
248 332 419 365 tutoribus
456 339 489 364 et
524 330 805 376 procuratoribus
841 330 1076 375 instituitur2)
1106 344 1215 375 usque
1247 330 1291 363 ad

152 393 370 439 praefinitum
395 401 528 437 tempus
552 406 570 425 a
594 401 706 437 patre,
739 391 854 437 hoc³)
878 401 942 432 est,
973 405 1081 437 usque
1092 392 1129 437 ⁴²)
1153 405 1222 437 quo
1247 392 1292 425 ad

153 455 336 499 legitimam
361 464 503 488 aetatem
528 454 659 487 animae
683 453 901 499 perfectionis
924 454 1108 494 advenerit,
1131 453 1192 487 ubi
1218 452 1292 498 quis

151 517 220 565 jam
243 530 474 562 supergressus
498 516 652 561 spiritum
676 515 850 556 servitutis,
876 529 976 561 quern
992 525 1168 561 acceperat
1191 514 1227 548 in
1250 513 1292 547 ti-

151 592 260 620 more,
285 592 302 612 a
329 591 398 623 quo
422 578 514 611 velut
542 579 739 623 paedagogo
775 587 982 618 servaretur,
1015 577 1135 620 dignus
1149 577 1186 623 ⁵)
1218 577 1292 610 effi-

152 641 261 674 ciatur
290 640 443 685 accipere
473 640 667 685 adoptionis
703 639 859 685 spiritum
889 639 1054 685 primitias
1066 639 1103 684 ⁶)
1135 638 1291 684 Spiritus,

150 716 214 748 per
238 716 339 748 quem
364 703 545 747 adoptatus
575 702 609 734 in
643 701 752 735 filium
787 701 894 746 possit
926 701 1026 734 etiam
1040 701 1077 746 ⁷)
1100 700 1291 746 primitivo-

151 779 228 798 rum
253 763 422 804 ecclesiae,
447 777 533 809 quae
557 763 592 796 in
618 763 720 797 coelis
746 773 804 803 est,
828 762 974 796 sociari?
1002 763 1048 796 Et
1071 763 1158 796 sicut
1181 761 1292 795 multo

151 827 268 860 differt
291 826 400 858 filium
426 838 623 870 essequam
637 825 673 869 Β)
698 839 831 858 servum
845 850 854 865 ,
877 824 922 858 ita
946 825 1057 858 multo
1071 824 1108 869 ⁹)
1134 824 1250 857 differt
1273 836 1293 856 a

150 887 425 922 ministerialibus
449 886 622 931 spiritibus
646 887 792 931 Spiritus
815 896 968 927 sanctus,
1000 885 1097 931 cujus
1127 884 1292 930 primitias

150 951 278 984 Paulus
304 963 382 983 cum
406 948 545 993 suis¹⁰)
575 949 741 981 similibus
766 949 892 982 habere
916 961 951 981 se
977 947 1066 981 dicit.
1112 947 1212 980 Unus
1237 946 1293 979 hic

150 1013 275 1046 modus
299 1011 359 1053 sit,
399 1024 467 1055 quo
498 1010 663 1044 sermonis
697 1009 797 1055 hujus
830 1008 1086 1052 intelligentiam
1117 1007 1293 1053 potuimus

150 1074 320 1117 indagare.
356 1072 542 1105 Videamus
563 1085 654 1104 nunc
679 1080 711 1104 et
736 1071 851 1105 alium.
883 1070 1039 1113 Legimus
1064 1071 1156 1115 apud
1180 1070 1293 1115 ipsum

151 1136 360 1181 Apostolum
384 1135 532 1167 Paulum
558 1135 648 1166 dona
672 1134 726 1166 vel
750 1133 869 1176 gratias
901 1132 1007 1166 sancti
1032 1131 1177 1177 Spiritus
1201 1132 1292 1165 mul-

150 1208 203 1232 tos
227 1197 362 1243 spiritus
386 1196 575 1237 nominari,
600 1196 708 1240 utu)
734 1209 812 1229 cum
839 1195 936 1229 dicit:
970 1207 1082 1235 „nunc
1098 1193 1154 1238 ¹²)
1177 1203 1292 1229 autem

247 1376 281 1421 ¹)
307 1376 390 1409 Msc.
432 1387 535 1407 unus:
578 1371 832 1413 „ministeriales
870 1372 905 1404 in
940 1372 1166 1406 ministerium
1201 1372 1292 1406 missi

150 1426 313 1469 propte1*“
338 1430 397 1453 etc.
422 1420 464 1453 R.
489 1438 529 1445 -
558 1419 627 1452 Csr.
654 1419 758 1452 Hebr.
784 1419 808 1458 I,
835 1419 886 1453 14.

243 1478 280 1522 2)
304 1476 399 1509 Editi
434 1476 481 1519 (v.
516 1489 542 1508 c.
575 1476 651 1508 edd.
683 1473 767 1519 Μ.);
809 1473 1039 1514 ,‚instruitur.“
1075 1474 1116 1507 R.
1152 1493 1195 1499 —
1221 1473 1292 1507 Csr.

152 1525 262 1558 Galat.
288 1523 344 1562 IV,
369 1524 401 1555 2.
1139 1536 1143 1539 >

244 1580 281 1624 3)
305 1579 395 1612 Edd.
422 1575 578 1610 Nlerlini:
603 1575 636 1608 id
663 1584 721 1609 est.

245 1635 282 1680 4)
307 1634 363 1668 Sic
395 1633 475 1666 editi
514 1634 560 1675 (V.
594 1645 621 1664 c.
653 1632 731 1666 cdd.
762 1632 850 1674 M),
883 1641 915 1664 et
946 1632 1028 1665 Μεε.
1059 1631 1130 1663 sere
1162 1643 1290 1671 omnes,

150 1684 235 1718 Msc.
258 1690 371 1713 tamen
403 1692 491 1711 unus
509 1679 589 1719 Reg.
622 1691 715 1709 num.
747 1678 845 1712 1639.
869 1690 998 1721 „usque
1023 1690 1091 1720 quo
1117 1676 1160 1708 ad
1184 1675 1290 1718 legiti-

150 1742 242 1761 mam
268 1724 509 1759 haereditatem
534 1723 665 1755 animae
688 1723 899 1768 perfectioris
925 1721 1116 1762 advenerit,
1146 1730 1184 1753 ut
1215 1734 1289 1763 gra-

151 1773 257 1807 datim
281 1774 534 1815 supergressus“
565 1778 626 1805 etc,
651 1769 691 1801 R.

246 1828 282 1873 ⁵)
306 1827 395 1860 Edd.
427 1825 582 1858 Merlini:
622 1824 742 1867 dignus
774 1822 920 1856 efficitur
948 1821 1101 1866 accipere
1133 1819 1289 1865 spiritum

151 1873 346 1920 adoptionis
370 1870 533 1916 primitias
559 1879 620 1903 etc.

244 1930 281 1974 ὃ)
306 1930 441 1961 Desunt
471 1928 588 1960 verba:
621 1924 806 1971 „primitias
836 1924 1004 1969 spiritus,“
1040 1923 1074 1956 in
1100 1924 1184 1956 lVIsc.
1208 1923 1289 1965 Reg.

153 1991 245 2012 num.
271 1975 369 2010 1639.
393 1973 434 2004 R.

246 2032 283 2076 ⁷)
307 2031 413 2063 Deest
436 2027 580 2068 „etiam“
604 2026 639 2060 in
665 2026 741 2059 edd.
764 2025 814 2059 M.

245 2089 283 2133 Β)
307 2087 371 2121 Ed.
396 2085 444 2118 M.
469 2085 518 2116 II:
544 2097 582 2116 ac
607 2095 749 2116 servum.

247 2146 284 2191 9)
309 2143 397 2176 Edd.
422 2139 578 2175 Mcrlini:
603 2139 759 2171 multum.

227 2202 284 2246 ¹⁰)
306 2200 372 2234 Ed.
396 2197 445 2231 M.
468 2197 518 2229 II:
545 2194 595 2228 sui
619 2193 793 2228 similibus.

227 2258 283 2304 ¹¹)
308 2257 414 2291 Deest
437 2257 516 2296 „ut“
538 2252 573 2286 in
598 2252 674 2286 edd.
700 2250 750 2284 Μ.
847 2249 903 2294 ¹²)
929 2250 942 2282 I
969 2248 1048 2282 Cor.
1074 2247 1166 2290 XIV,
1191 2249 1243 2285 12.
