1320 2444
371 52 724 87 COMMENTARIORUM
750 52 822 85 Lm.
847 53 889 85 X.
1131 53 1198 87 415

63 146 114 179 his
140 144 352 186 regionibus,
388 143 592 177 desiderium
618 151 730 175 autem
755 142 883 175 habens
915 142 1070 177 veniendi
1088 142 1121 186 ¹)
1154 146 1195 177 ad

63 221 118 240 vos
141 205 208 252 jam
235 219 271 239 ex
304 206 417 239 multis
448 205 730 250 praecedentibus
761 204 873 243 annis,
910 217 985 236 cum
1010 205 1044 237 in
1072 205 1195 250 Hispa-

61 270 150 303 niam
176 269 381 313 proficiscar,
406 281 506 311 spero
541 267 635 312 quod
660 266 948 310 praetergrediens
971 266 1100 299 videam
1126 281 1194 306 vos,

60 340 91 363 et
115 344 133 363 a
157 330 253 363 vobis
277 331 428 362 deducar
450 330 540 369 illuc,
565 341 642 362 cum
666 328 778 372 primo
798 341 833 360 ex
852 337 948 372 parte
962 328 1082 363 fruitus
1096 331 1193 362 suero

58 392 184 425 vobis.“
230 391 372 423 Videtur
395 391 478 423 haec
499 390 534 423 in
558 388 686 435 Achaia
711 390 838 434 positus
871 391 983 423 dicere
1007 392 1099 435 apud
1125 392 1193 423 Co-

58 454 227 492 rinthum,
262 452 346 485 siCut
370 461 402 485 et
423 452 459 484 in
482 451 599 496 primis
624 450 786 496 epistolae
810 453 1007 496 partibus2)
1036 452 1101 498 jam
1128 468 1192 498 pro

57 514 182 547 viribus
208 514 528 547 demonstravimus:
553 525 638 558 quae
656 513 773 556 utique
791 513 918 558 Achaja
942 515 1051 548 vicina
1078 525 1108 547 et
1133 529 1191 547 co-

58 577 196 609 haerens
228 585 274 609 est
307 576 543 608 Macedoniae.
598 575 637 606 In
669 574 791 618 quIbus
824 576 905 608 loris
938 577 1077 618 degens,
1113 591 1189 609 cnm

55 639 184 680 singula
208 651 363 683 quaeque
385 645 591 681 peragrasset
612 636 832 676 Evangelium
858 637 1057 681 praedicans
1081 639 1113 670 in
1141 639 1190 671 his

56 702 216 733 duntaxat
252 700 392 738 finibus,
422 699 456 732 in
470 698 507 741 3)
539 697 661 742 quibus
698 697 850 731 Christus
884 708 959 731 ante
982 713 1055 731 non
1080 701 1188 733 fuerat

54 763 276 806 praedicatus,
302 771 334 793 et
357 760 528 801 agnitione
551 759 618 792 Dei
641 760 800 803 replesset
829 761 999 799 universa,
1033 761 1111 793 dii-it
1136 763 1187 793 ul-

52 823 153 855 terius
183 836 218 855 se
249 824 365 855 locum
395 835 466 854 non
499 822 627 854 habere
655 821 690 853 iu
716 821 765 854 his
789 822 1003 863 regionibus,
1039 823 1105 854 hoc
1132 833 1189 860 est,

51 885 166 917 lorum
191 885 323 916 nullum
337 884 401 916 sibi
421 896 594 928 superesse
615 882 739 916 Christi
755 883 1016 927 praedIcationis
1034 898 1188 921 vacuum.

53 955 85 977 et
106 955 240 990 tempus
263 944 330 989 jam
357 947 469 979 adesse
495 945 664 985 designat,
689 958 758 988 quo
785 945 989 978 desiderium
1013 959 1111 978 suum
1139 947 1186 978 vi-

53 1008 155 1040 dendi
182 1020 248 1046 eos,
272 1007 329 1050 qui
355 1007 486 1039 Romae
500 1016 587 1045 sunt,
612 1007 732 1038 debeat
750 1006 954 1051 adimplere:
980 1009 1074 1051 quod
1102 1021 1185 1040 con—

52 1079 186 1112 ceptum
212 1082 249 1101 ex
273 1069 386 1101 multis
411 1068 506 1101 annis
531 1068 684 1108 gerebat,
719 1068 859 1102 dilatum
887 1078 997 1101 autem
1023 1071 1129 1101 fuerat
1155 1079 1185 1101 et
1212 1094 1220 1101 .,

51 1131 306 1170 dissimulatum,
332 1132 442 1163 donec
467 1143 605 1162 omnem
630 1130 756 1169 locum,
781 1130 815 1162 in
841 1143 909 1174 quo
937 1130 1087 1163 Clu-istus
1112 1144 1181 1163 non

52 1194 159 1225 suerat
203 1192 436 1237 praedicatus,
491 1191 662 1232 agnitione
698 1191 872 1233 Evangelii
918 1191 986 1237 ejus
1028 1194 1181 1236 repleret.

51 1253 159 1296 Quod
186 1264 297 1286 autern
338 1254 435 1287 dixit:
477 1253 625 1296 ,‚cum4)
664 1254 698 1286 iu
737 1252 936 1298 Hispaniam
976 1254 1183 1299 proficiscar,

48 1328 148 1358 spero
166 1317 261 1359 quod
276 1316 563 1360 praetergrediens
587 1315 719 1348 videam
743 1320 839 1347 vos:“
862 1329 935 1348 non
953 1317 996 1348 ita
1013 1316 1182 1360 accipien-

49 1377 131 1408 dum
158 1387 219 1417 est,
254 1376 349 1421 quasi
379 1386 446 1408 tam
473 1390 578 1420 parvo
605 1390 722 1410 amore
747 1377 870 1410 Paulus
902 1390 978 1418 erga
1004 1377 1180 1410 Romanos

47 1447 226 1477 teneretur,
250 1448 285 1471 ut
310 1452 367 1471 eos
392 1438 426 1470 in
451 1438 590 1471 transitu
613 1440 852 1472 tantummodo
873 1448 903 1471 et
918 1440 1078 1472 aliorsum
1103 1453 1181 1484 per—

47 1512 125 1541 gens
155 1499 322 1544 judicaret
359 1500 524 1533 visendos.
584 1500 673 1532 Vide
703 1501 793 1533 enim
824 1500 860 1533 in
899 1502 1180 1545 subsequentibus

47 1561 127 1606 quid
156 1560 314 1606 adjungit.
362 1561 471 1600 „Cum
487 1561 523 1605 5)
548 1561 680 1605 primo,
714 1562 842 1606 inquit,
876 1576 913 1596 ex
938 1573 1033 1607 parte
1057 1564 1178 1596 fruitus

45 1624 142 1655 fuero
168 1623 295 1655 vobis.“
341 1623 377 1655 ln
404 1637 472 1668 quo
509 1623 625 1667 utique
655 1623 690 1655 in
714 1623 866 1668 ipsorum
893 1624 1025 1657 videtur
1047 1638 1179 1668 ponere

45 1693 227 1727 potestate,
252 1686 390 1729 quando
423 1686 465 1716 ab
490 1684 528 1717 iis
553 1685 615 1717 iter
637 1686 850 1729 propositum
876 1686 996 1719 debeat
1019 1688 1177 1720 relaxari:

141 1795 174 1839 Ι)
198 1795 262 1828 Ed.
287 1796 326 1827 R.
349 1797 440 1829 sola:
467 1797 587 1830 venire.

137 1851 174 1895 2)
199 1851 286 1884 Vide
317 1852 460 1885 praefat.
491 1854 525 1885 in
558 1854 644 1886 hanc
678 1855 872 1899 epistolam,
904 1864 936 1887 et
969 1855 1105 1898 quidem
1140 1855 1174 1888 in

45 1898 96 1929 ed.
122 1896 228 1929 Ruaei
253 1897 353 1930 Torn.
377 1898 433 1931 lV.
460 1913 491 1942 p.
515 1900 602 1938 459„
628 1901 679 1932 ed.
706 1909 815 1932 autem
840 1909 975 1933 nostrae
996 1899 1095 1933 Tom.
1120 1902 1176 1933 Vl.

43 1954 118 1985 pag.
142 1944 171 1976 5.
196 1942 253 1974 lin.
281 1944 331 1977 10.
356 1949 444 1988 seqq.

137 1998 173 2041 3)
197 1999 278 2031 Msc.
309 1999 386 2039 Reg.
424 2013 516 2033 num.
557 2001 651 2035 1639.
690 2001 747 2040 ,,ἰη
786 2001 908 2045 quibus
943 2001 1065 2035 Christi
1098 2013 1174 2035 ante

43 2056 113 2075 non
139 2045 247 2076 suerat
270 2045 509 2087 praedieafiof‘
563 2047 632 2079 Sed
667 2047 768 2080 ceteri
796 2048 894 2087 NIss.‚
926 2048 1104 2087 Rabanns,
1143 2058 1173 2080 et

43 2088 123 2120 editi
147 2090 194 2132 (v.
219 2102 245 2120 e.
271 2091 345 2122 edd.
372 2090 439 2133 Μ.)
465 2100 501 2122 ut
524 2091 557 2123 in
583 2101 681 2125 textu.
708 2092 746 2125 I'u.

136 2142 171 2186 4)
196 2143 294 2176 Rom.
319 2145 402 2184 XV,
435 2147 489 2179 24.
523 2168 560 2172 —
589 2147 675 2181 Edd.
702 2148 856 2182 Merlini:
887 2161 988 2193 spero
1014 2158 1050 2181 ut
1077 2162 1172 2192 prae-

42 2190 243 2229 tergrediens
269 2199 328 2221 etc.

135 2245 169 2288 5)
194 2245 293 2278 Rom.
319 2247 392 2286 XV,
416 2248 467 2279 2-1.
