1320 2444
304 59 657 93 COMMENrAmonuM
682 58 755 91 Lm.
780 58 840 92 IX.
1067 59 1136 94 323

1 153 147 188 lominus
170 148 421 183 contumeliam.
461 147 497 183 Si
513 148 547 192 ¹)
571 161 650 181 vero
674 160 880 181 reservemus
906 161 945 182 ea
970 147 1134 182 vindictae

1 215 77 255 Dei,
98 214 133 247 in
157 224 209 252 co,
235 211 293 256 qui
317 210 412 244 laesit
434 224 507 251 nos,
531 211 647 243 locum
673 211 791 242 damus
816 209 896 250 irae,
920 210 968 243 illi
981 209 1050 243 sine
1069 211 1133 243 du-

0 276 67 316 bio,
91 286 192 318 quam
216 272 280 305 sibi
304 271 376 317 ipse
399 271 467 305 suis
491 271 586 305 malis
607 272 736 304 actibus
760 271 972 312 thesaurizat,
998 271 1133 317 quae2)

0 339 40 371 de
64 349 104 370 eo
127 335 163 367 in
194 333 320 380 judicio
345 334 413 366 Dei
441 333 549 366 multo
575 333 760 376 graviores,
794 346 895 377 quam
921 347 984 367 nos
1007 334 1134 367 inferre

0 410 185 445 possumus,
210 395 317 438 exigat
339 408 477 440 poenas.

83 459 135 493 23.
161 458 302 501 ‚,Se(l³)
337 456 364 489 si
396 455 549 489 esurierit
571 455 728 490 inimicus
751 465 844 497 tuus,
870 456 945 490 ciba
969 455 1085 497 illum3
1106 455 1134 488 si

0 520 120 560 sitierit,
153 528 276 564 potum
308 519 351 551 da
376 518 440 551 illi:
477 519 543 550 hoc
574 517 665 550 enim
696 518 821 552 faciens
852 516 1133 560 carbones'ignis

0 594 154 625 congeres
167 580 203 626 4)
228 593 329 625 super
353 589 454 624 caput
478 578 579 625 ejus.“
623 580 716 612 Haec
741 579 879 624 quidem
904 589 937 613 et
960 578 1133 612 Dominus

0 645 30 678 in
57 642 294 686 Evangeliis⁵)
323 641 497 687 praecipit.
551 642 597 675 Et
629 641 780 686 quamvis
811 641 846 674 in
877 641 1062 686 propatulo
1091 639 1133 673 sit

0 706 184 740 intellectus
206 704 277 744 iste,
303 717 371 749 quo
395 703 584 737 secundum
609 716 658 743 ea,
683 715 769 748 quae
794 716 896 747 supra
920 702 1075 742 diximus,
1098 701 1133 734 in

0 777 162 813 quantum
192 765 336 799 inimicis
362 775 394 798 et
432 765 644 798 laedentibus
674 778 746 797 non
781 765 894 798 solum
925 763 1031 797 vicem
1061 776 1134 795 non

0 829 178 868 reddimus,
202 828 262 861 sed
287 836 319 860 et
343 828 434 860 bona
458 836 677 871 praestamus,
703 826 739 859 in
762 835 896 860 tantum
918 837 1049 871 poenas
1074 837 1132 857 eo-

0 905 70 925 rum
94 890 129 923 in
152 890 220 923 Dei
244 889 371 936 judicio
404 890 635 929 cumulamus,
667 908 709 914 -
744 898 792 922 est
824 888 914 922 enim
944 901 1023 921 vere
1046 886 1134 932 justa

0 951 178 992 damnatio,
202 951 228 984 si
253 960 436 993 arguantur
459 959 536 983 ante
549 951 585 995 6)
602 951 718 983 Deum
737 949 836 994 his7)
860 948 1011 982 intulisse
1034 947 1134 988 mala,

0 1028 14 1048 a
38 1014 161 1059 quibus
184 1012 398 1058 perceperint
422 1013 515 1045 hona
539 1032 600 1053 —-,
623 1022 737 1045 tamen
761 1011 952 1050 videamus,
975 1023 1020 1043 ne
1042 1011 1134 1043 forte

0 1075 127 1119 dignius
152 1074 280 1120 aliquid
305 1074 456 1107 mandati
486 1073 585 1120 hujus
621 1073 792 1106 contineat
823 1072 1021 1105 intellectus.
1067 1069 1132 1103 Di-

0 1137 40 1171 cit
74 1136 163 1170 enim
196 1145 228 1169 et
258 1136 422 1169 Jcremias
435 1135 472 1179 Β)
503 1135 671 1180 propheta
704 1136 747 1168 ad
779 1133 1004 1178 peccatricem
1025 1131 1133 1166 filiam

0 1198 200 1245 Babylonis:
232 1198 357 1238 „habes
370 1198 406 1242 ⁹)
440 1198 605 1229 carbones
628 1195 730 1237 ignis,
763 1196 842 1229 sede
865 1208 968 1240 super
992 1207 1067 1235 eos,
1097 1193 1133 1227 hi

0 1269 94 1293 erunt
118 1259 179 1292 tibi
202 1259 238 1292 in
263 1258 503 1305 adjutorium.“
556 1257 723 1291 Fortassis
754 1270 833 1299 ergo
867 1265 901 1289 et
929 1255 1056 1299 hiem)
1080 1255 1132 1288 isti

0 1323 161 1356 carbones
196 1321 295 1364 ignis,
343 1321 402 1365 qui
437 1328 684 1363 congregantur
718 1332 820 1364 super
854 1327 956 1363 caput
994 1316 1133 1358 inimici,

0 1482 29 1507 et
51 1473 86 1506 in
108 1473 195 1507 Msc.
215 1473 297 1514 Reg.
322 1485 415 1508 num,-
440 1471 539 1507 1639.
565 1480 597 1504 et
620 1471 712 1515 apud
730 1471 930 1512 Rabanum3
952 1469 1012 1502 sed
1038 1469 1131 1503 resti-

0 1518 105 1551 tuitur
128 1532 167 1551 ex
190 1519 307 1551 ceteris
330 1518 412 1550 Mss.
436 1517 478 1550 R.

89 1573 125 1617 ¹)
150 1574 241 1607 Alias
258 1575 305 1619 (v.
324 1586 350 1607 c.
364 1573 399 1606 in
409 1574 485 1606 edd.
501 1572 570 1617 M.)
583 1586 590 1605 z
603 1571 660 1613 „Si
674 1584 754 1605 vero
767 1583 936 1604 servemus
952 1575 1080 1604 ea“etc.
1091 1570 1131 1603 R.

87 1628 125 1675 ²)
150 1629 242 1662 Alias
266 1629 313 1673 (e.
340 1643 367 1662 c.
390 1629 428 1662 in
451 1629 504 1663 ed.
526 1628 577 1663 M.
600 1628 663 1673 Ι.);
688 1627 768 1672 „qui
792 1627 836 1661 de
861 1631 924 1660 e0“
949 1637 1009 1662 etc.
1034 1627 1075 1660 R.

88 1686 125 1730 ³)
148 1686 250 1719 Rom.
274 1685 351 1725 XII,
374 1686 429 1719 20.

91 1741 128 1785 ⁴²)
154 1741 210 1775 Sic
240 1742 325 1776 Msc.
349 1741 431 1783 Reg.
463 1755 556 1775 num.
582 1740 699 1780 1639.,
720 1740 896 1781 Iubmus,
922 1750 954 1772 et
978 1738 1059 1773 editi
1082 1739 1130 1784 (v.

0 1801 25 1839 c:
56 1786 241 1865 edth.)
298 1786 410 1820 Ceteri
438 1799 518 1820 vero
551 1786 631 1820 Mss.
667 1798 871 1828 „congregas
900 1799 1002 1831 super
1030 1795 1132 1831 caput

0 1837 98 1867 eus.“
161 1859 168 1866 .

17 1846 26 1879 l
90 1889 127 1934 ⁵)
154 1888 223 1921 Csr.
249 1887 369 1921 Matth.
392 1889 425 1928 5,
448 1888 502 1922 42.
527 1896 559 1920 et
580 1887 662 1920 Luc.
686 1886 745 1927 VI,
767 1887 821 1922 27.
846 1899 938 1932 seqq.

89 1946 125 1990 ⁶)
151 1945 239 1978 Edd.
264 1944 419 1977 Merlini:
444 1952 522 1977 ante
546 1943 736 1976 dominum.

90 2001 127 2044 7)
152 2001 218 2033 Ed.
239 2000 290 2034 M.
313 2001 362 2034 11:
387 2000 435 2035 iis.

91 2057 143 2108 8).
153 2056 217 2089 Vel
249 2056 431 2098 Origenes,
460 2057 512 2088 vel
536 2055 696 2094 Rufinus,
728 2054 781 2086 vel
811 2054 959 2087 fortassis
990 2064 1132 2105 uterquc

2 2101 164 2135 memoria
189 2102 301 2145 lapsus
326 2110 373 2135 est
397 2100 565 2134 Jeremiae
589 2100 827 2141 adscribendo,
842 2100 935 2144 quod
961 2113 998 2131 ex
1022 2098 1130 2132 Jesaia

3 2148 223 2192 depromitur.
249 2146 288 2179 R.

95 2204 130 2245 9)
155 2201 254 2235 Jesai.
278 2202 414 2242 XLVII,
439 2204 491 2236 14.
515 2203 568 2237 15.

73 2258 129 2302 ¹⁰)
156 2259 260 2292 Deest
284 2258 380 2300 ,‚hic“
402 2259 438 2292 in
466 2259 539 2292 edd.
565 2257 613 2289 Μ
