1320 2444
170 79 240 115 278
449 79 626 113 OmGENJs
649 90 686 113 m
710 79 772 112 Ep,
795 88 842 113 An
868 79 1046 115 Rommos

177 170 331 202 Patrem:
366 168 547 214 ‚,Pater‚¹)
580 169 696 203 omnia
734 182 809 202 mea
841 179 897 202 tua
932 179 1025 211 sunt,
1056 181 1087 204 et
1118 181 1174 204 tua
1200 177 1312 204 mea:“

179 241 209 264 et
234 231 275 263 de
300 231 429 276 Spiritu
453 241 570 265 sancto
596 231 668 276 ipse
692 231 816 265 Paulus
842 233 1052 276 pronuntiat,
1077 232 1207 267 dicens:
1232 246 1312 272 „ne-

177 293 286 338 mo²)
323 293 411 326 enim
445 293 504 326 scit
529 293 730 332 hominum,
762 303 847 337 quae
880 302 957 326 sunt
980 293 1138 333 hominis,
1161 294 1223 327 nisi
1247 294 1313 338 spi-

177 355 258 388 ritus
284 355 450 394 hominis,
485 354 541 398 qui
566 354 600 386 in
626 354 700 399 ipso
727 364 790 387 est:
822 355 865 388 ita
902 364 934 387 et
957 368 1043 399 quae
1066 355 1101 388 in
1125 356 1203 389 Deo
1228 364 1314 394 sunt,

176 430 280 449 nemo
311 417 487 458 cognovit,
512 415 626 461 nisi3)
652 417 795 461 Spiritus
823 417 922 450 Dci.“
970 416 1071 450 Vides
1096 429 1195 458 ergo,
1221 418 1315 461 quod

178 477 304 510 Paulus
335 477 370 510 in
402 477 572 522 praesenti
604 479 752 522 capitulo
779 478 811 511 in
837 479 905 518 his,
930 491 1016 523 quae
1041 478 1139 511 dicit:
1173 478 1267 522 „quis
1280 477 1316 521 ¹²)

179 539 269 572 enim
297 540 455 581 cognovit
478 553 611 573 sensum
638 539 801 579 Domini,
835 539 942 584 aut5)
973 540 1047 584 quis
1077 540 1126 572 illi
1160 538 1316 572 consilia-

178 600 246 633 rius
272 600 378 633 suit?“
404 602 444 634 de
471 601 630 634 creaturis
656 601 760 642 dican
784 610 940 634 naturam
964 615 1045 634 vero
1068 600 1239 634 Trinitatis
1263 613 1317 632 ex-

180 662 299 707 cipiat:
334 663 461 707 quippe
494 662 548 695 cui
571 662 655 695 nihil
690 663 728 696 sit
753 677 829 696 cum
858 672 1009 696 creatura
1036 675 1231 701 commuue,
1254 661 1318 694 nisi

179 724 423 756 beneficentiae
451 737 547 768 opus,
596 726 663 758 Sec]
691 734 722 757 et
748 726 842 769 quod
868 726 929 758 ait:
966 724 1109 770 ‚‚quis⁶)
1133 724 1182 757 illi
1207 722 1318 756 consi-

180 785 296 819 liarius
324 786 432 819 suit?“
458 799 528 818 non
554 789 648 831 quasi
672 786 784 819 minus
808 786 880 830 ipse
903 787 1072 820 sufficiens
1099 785 1241 818 consilio
1266 784 1320 817 in-

182 849 307 889 digeret
334 848 476 887 alterius,
500 849 558 880 sed
583 848 712 881 consilii
743 848 944 892 participem
970 848 1102 880 nullum
1118 847 1154 890 ⁷)
1179 846 1318 891 quidem

179 908 269 941 inter
293 919 461 941 creaturas
486 923 554 943 esse
578 910 788 953 pronuntiat.
838 909 1027 943 Consilium
1062 922 1143 941 vcro
1176 907 1319 952 sapienti

181 970 368 1002 necessario
395 970 481 1013 ine)
506 971 670 1014 sapientia
695 984 753 1003 sua
779 980 843 1010 est,
879 971 936 1014 qui
962 980 1008 1004 est
1035 970 1204 1008 Christus,
1229 978 1261 1001 et
1284 967 1319 1000 in

179 1031 372 1069 sanctitate,
403 1032 460 1075 qui
492 1041 539 1064 est
563 1031 709 1076 Spiritus
734 1042 877 1066 sanctus.
938 1031 1049 1065 Simili
1074 1040 1184 1063 autem
1210 1030 1319 1062 modo

182 1101 228 1124 et:
255 1093 398 1137 ‚‚quis⁹)
423 1093 519 1138 prior
544 1094 634 1127 dedit
663 1094 710 1133 ei,
742 1103 774 1126 et
799 1094 1002 1127 retribuetur
1027 1093 1055 1126 ei
1066 1092 1100 1126 ?“
1131 1092 1320 1132 intelligen-

182 1155 262 1187 dum
291 1165 346 1188 est.
393 1155 503 1188 Nemo
531 1155 619 1188 enirn
646 1154 773 1200 aliquid
799 1155 925 1189 factori
949 1169 1011 1188 suo
1036 1154 1134 1200 prior
1157 1153 1319 1186 contulit:

182 1217 309 1260 quippe
340 1231 416 1249 cum
449 1218 548 1249 etiarn
582 1218 649 1249 hoc
675 1217 804 1262 ipsum,
841 1219 935 1262 quod
964 1226 1021 1255 est,
1047 1215 1278 1259 unusquisque
1303 1227 1320 1246 a

277 1335 312 1377 Ι>
337 1334 394 1368 Ev.
420 1336 546 1367 Joann.
573 1335 682 1374 XVII,
709 1338 759 1370 10.

276 1391 312 1434 2)
338 1391 349 1421 l
379 1391 458 1423 Cor.
484 1391 525 1430 ll,
551 1392 602 1424 11.

276 1447 313 1487 ³)
340 1447 420 1479 Biss.
448 1448 606 1490 qnidam,
645 1447 823 1485 Rabanus,
848 1457 880 1479 et
906 1446 985 1478 editi
1012 1449 1058 1488 (v.
1085 1459 1111 1477 c.
1139 1446 1214 1478 edd.
1241 1444 1320 1483 M'.):

182 1491 265 1531 „uisi
289 1492 423 1534 spiritus
447 1492 607 1524 domini.“
655 1494 722 1525 Sed
748 1493 868 1524 rectius
883 1491 960 1524 Mss.
984 1490 1080 1531 Rein
1104 1504 1198 1523 num.
1223 1489 1320 1523 1639.

185 1545 214 1568 et
240 1536 335 1570 1610.
361 1547 396 1568 ut
422 1538 455 1569 in
481 1547 598 1570 nostro
624 1547 725 1571 textu.
751 1537 789 1568 R.

277 1593 314 1636 ⁴²)
338 1593 438 1626 Rom.
464 1593 523 1632 XI,
547 1595 600 1628 34.
628 1595 706 1627 coll.
731 1594 746 1625 I
772 1592 853 1626 Cor.
870 1592 911 1632 H,
928 1592 979 1627 16.
1004 1601 1034 1625 et
1056 1592 1155 1625 Jesai.
1173 1591 1244 1631 XL,
1270 1593 1320 1627 13.

278 1650 313 1693 5)
338 1649 428 1681 Edit?
454 1650 501 1692 (v,
529 1664 556 1682 c.
581 1650 657 1682 cdd.
684 1650 767 1694 M.):
802 1658 880 1688 „aut
912 1648 985 1693 quis
1017 1648 1227 1681 consiliarius
1259 1647 1320 1680 suit

183 1695 279 1739 (edd.
307 1695 460 1727 Merlini:
488 1696 565 1736 ejus
580 1693 693 1739 suit),
719 1705 775 1727 aut
799 1694 872 1739 quis
896 1695 992 1739 prior
1017 1693 1109 1726 dedit
1132 1693 1190 1732 illi,
1219 1702 1250 1725 et
1268 1706 1317 1726 re—

185 1740 354 1772 tribuetur
386 1739 457 1772 ei?“
481 1740 548 1773 Sed
574 1741 656 1773 haec
683 1750 854 1785 postrema
880 1739 999 1771 verba:
1025 1748 1102 1777 „aut
1128 1739 1200 1782 quis
1224 1738 1320 1782 prior

186 1785 279 1817 dedit
312 1785 373 1823 illi,
406 1794 437 1816 et
467 1785 674 1818 retribuetur
707 1785 782 1817 ei?“
815 1797 880 1816 nec
912 1784 947 1816 in
980 1783 1058 1816 Mss.
1085 1785 1216 1823 nostris,
1258 1796 1319 1816 nec

182 1831 275 1874 apud
302 1830 482 1862 Rabanum
511 1831 735 1874 reperiuntur.
762 1830 800 1863 R.

273 1886 310 1927 5)
334 1885 435 1918 Rom.
462 1886 520 1925 XI,
547 1887 598 1920 34.
626 1887 701 1919 coll.
727 1886 826 1919 Jesni.
850 1885 921 1924 XL,
945 1885 998 1918 13,

277 1942 314 1981 ⁷)
341 1941 397 1973 Sic
441 1941 523 1974 Msc.
557 1941 636 1984 Reg.
670 1955 762 1974 num.
795 1942 909 1980 1639„
948 1950 979 1973 et
1012 1941 1181 1974 Rabanus.
1228 1938 1317 1972 Editi

185 2001 263 2019 vero
289 1988 335 2030 (e.
363 2000 389 2019 c.
417 1988 492 2019 edd.
519 1986 603 2031 M.):
628 1987 778 2025 „nullam
805 1987 838 2019 in
873 1986 967 2030 (edd.
993 1985 1147 2018 Martini:
1181 1984 1318 2017 nullam

186 2031 438 2110 ιχῐιὶιιξῖἷζίᾌαὶνιῑζ)
482 2032 670 2065 creaturis.u
738 2032 815 2065 NIss.
862 2031 1000 2076 quidam
1050 2031 1175 2063 habent
1220 2030 1317 2062 etiam

278 2133 314 2176 8>
340 2132 429 2165 Editi
456 2133 502 2176 (V.
528 2145 554 2164 c.
581 2133 657 2164 edd.
682 2131 766 2175 M.):
791 2131 845 2170 „in
860 2131 1022 2176 sapientia
1037 2146 1096 2165 sua
1113 2141 1160 2164 est
1182 2130 1316 2175 quidem

187 2178 355 2216 Christus,
386 2187 417 2210 et
439 2177 473 2209 in
506 2177 679 2210 sanctitate
702 2177 838 2221 quidem
872 2177 1016 2221 Spiritus
1040 2180 1204 2209 sanctus.“
1250 2175 1317 2208 Sed

187 2224 285 2256 ceteri
312 2224 390 2256 Mss.
417 2232 447 2255 et
472 2223 633 2255 Rabanus
657 2232 692 2255 ut
716 2222 750 2254 in
776 2232 891 2254 nostro
918 2231 1016 2254 textu.
1042 2222 1082 2253 R.

278 2279 313 2322 ⁹)
341 2278 438 2312 Rom.
465 2278 524 2317 XI,
546 2278 599 2312 35.
626 2298 666 2303 ——
692 2279 781 2312 Edd.
808 2277 961 2311 Men-lini:
988 2277 1080 2310 dedit
1105 2275 1152 2309 illi
1180 2285 1239 2309 etc.
