<?xml version="1.0" encoding="UTF-8"?>
<!DOCTYPE html PUBLIC "-//W3C//DTD XHTML 1.0 Transitional//EN"
    "http://www.w3.org/TR/xhtml1/DTD/xhtml1-transitional.dtd">
<html xmlns="http://www.w3.org/1999/xhtml" xml:lang="en" lang="en">
 <head>
  <title>
</title>
<meta http-equiv="Content-Type" content="text/html;charset=utf-8" />
  <meta name='ocr-system' content='tesseract 3.04.00' />
  <meta name='ocr-capabilities' content='ocr_page ocr_carea ocr_par ocr_line ocrx_word'/>
</head>
<body>
  <div class='ocr_page' id='page_1' title='image "./operaomniaquaegr07orig/operaomniaquaegr07orig_0024.png"; bbox 0 0 1377 2454; ppageno 0'>
   <div class='ocr_carea' id='block_1_1' title="bbox 165 80 1015 116">
    <p class='ocr_par' dir='ltr' id='par_1_1' title="bbox 165 80 1015 116">
     <span class='ocr_line' id='line_1_1' title="bbox 165 80 1015 116; baseline 0.001 -1"><span class='ocrx_word' id='word_1_1' title='bbox 165 81 189 115; x_wconf 85' lang='grc'><strong>6</strong></span> <span class='ocrx_word' id='word_1_2' title='bbox 414 80 593 115; x_wconf 65' lang='grc' dir='ltr'><strong>Οκιοεωε</strong></span> <span class='ocrx_word' id='word_1_3' title='bbox 616 91 654 115; x_wconf 78' lang='lat' dir='ltr'><strong>m</strong></span> <span class='ocrx_word' id='word_1_4' title='bbox 678 80 742 115; x_wconf 74' lang='lat' dir='ltr'><strong>Er.</strong></span> <span class='ocrx_word' id='word_1_5' title='bbox 761 89 810 115; x_wconf 75' lang='lat' dir='ltr'><strong>An</strong></span> <span class='ocrx_word' id='word_1_6' title='bbox 835 81 1015 116; x_wconf 73' lang='lat' dir='ltr'><strong>RoMAuos</strong></span> 
     </span>
    </p>
   </div>
   <div class='ocr_carea' id='block_1_2' title="bbox 169 170 1318 1453">
    <p class='ocr_par' dir='ltr' id='par_1_2' title="bbox 169 170 1318 1453">
     <span class='ocr_line' id='line_1_2' title="bbox 169 170 1314 217; baseline 0.003 -13"><span class='ocrx_word' id='word_1_7' title='bbox 169 180 226 204; x_wconf 87' lang='lat' dir='ltr'><strong>to:</strong></span> <span class='ocrx_word' id='word_1_8' title='bbox 257 171 317 204; x_wconf 85' lang='lat' dir='ltr'><strong>sed</strong></span> <span class='ocrx_word' id='word_1_9' title='bbox 348 170 502 204; x_wconf 80' lang='lat' dir='ltr'><strong>exhibete</strong></span> <span class='ocrx_word' id='word_1_10' title='bbox 533 185 593 206; x_wconf 83' lang='lat' dir='ltr'><strong>vos</strong></span> <span class='ocrx_word' id='word_1_11' title='bbox 617 173 696 206; x_wconf 89' lang='lat' dir='ltr'><strong>Deo</strong></span> <span class='ocrx_word' id='word_1_12' title='bbox 728 181 891 217; x_wconf 80' lang='lat' dir='ltr'><strong>tanquam</strong></span> <span class='ocrx_word' id='word_1_13' title='bbox 924 185 963 205; x_wconf 83' lang='lat' dir='ltr'><strong>ex</strong></span> <span class='ocrx_word' id='word_1_14' title='bbox 985 172 1130 206; x_wconf 80' lang='lat' dir='ltr'><strong>mortuis</strong></span> <span class='ocrx_word' id='word_1_15' title='bbox 1154 172 1314 215; x_wconf 82' lang='lat' dir='ltr'><strong>viventes,</strong></span> 
     </span>
     <span class='ocr_line' id='line_1_3' title="bbox 171 233 1314 280; baseline 0.003 -15"><span class='ocrx_word' id='word_1_16' title='bbox 171 242 205 266; x_wconf 88' lang='lat' dir='ltr'><strong>et</strong></span> <span class='ocrx_word' id='word_1_17' title='bbox 235 233 389 266; x_wconf 81' lang='lat' dir='ltr'><strong>membra</strong></span> <span class='ocrx_word' id='word_1_18' title='bbox 420 243 528 267; x_wconf 83' lang='lat' dir='ltr'><strong>vestra</strong></span> <span class='ocrx_word' id='word_1_19' title='bbox 568 234 711 279; x_wconf 77' lang='lat' dir='ltr'><strong>arma¹)</strong></span> <span class='ocrx_word' id='word_1_20' title='bbox 741 233 888 280; x_wconf 79' lang='lat' dir='ltr'><strong>justitiae</strong></span> <span class='ocrx_word' id='word_1_21' title='bbox 919 234 1030 269; x_wconf 79' lang='lat' dir='ltr'><strong>Deo.“</strong></span> <span class='ocrx_word' id='word_1_22' title='bbox 1082 235 1219 268; x_wconf 77' lang='lat' dir='ltr'><strong>Intuere</strong></span> <span class='ocrx_word' id='word_1_23' title='bbox 1251 249 1314 280; x_wconf 83' lang='lat' dir='ltr'><strong>per</strong></span> 
     </span>
     <span class='ocr_line' id='line_1_4' title="bbox 169 294 1312 342; baseline 0.003 -15"><span class='ocrx_word' id='word_1_24' title='bbox 169 294 300 337; x_wconf 84' lang='lat' dir='ltr'><strong>singula</strong></span> <span class='ocrx_word' id='word_1_25' title='bbox 331 294 530 340; x_wconf 78' lang='lat' dir='ltr'>sapientiam</span> <span class='ocrx_word' id='word_1_26' title='bbox 561 295 680 337; x_wconf 83' lang='lat' dir='ltr'><strong>Pauli,</strong></span> <span class='ocrx_word' id='word_1_27' title='bbox 714 295 792 341; x_wconf 85' lang='lat' dir='ltr'><strong>quia</strong></span> <span class='ocrx_word' id='word_1_28' title='bbox 804 295 842 341; x_wconf 87' lang='lat'><strong>²)</strong></span> <span class='ocrx_word' id='word_1_29' title='bbox 875 295 1068 329; x_wconf 82' lang='lat' dir='ltr'><strong>necessariis</strong></span> <span class='ocrx_word' id='word_1_30' title='bbox 1093 296 1312 342; x_wconf 77' lang='lat' dir='ltr'><strong>discrepatio-</strong></span> 
     </span>
     <span class='ocr_line' id='line_1_5' title="bbox 170 356 1312 404; baseline 0.003 -15"><span class='ocrx_word' id='word_1_31' title='bbox 170 356 272 390; x_wconf 84' lang='lat' dir='ltr'><strong>nibus</strong></span> <span class='ocrx_word' id='word_1_32' title='bbox 296 357 412 390; x_wconf 86' lang='lat' dir='ltr'><strong>utitur.</strong></span> <span class='ocrx_word' id='word_1_33' title='bbox 465 357 537 390; x_wconf 83' lang='lat' dir='ltr'><strong>Ubi</strong></span> <span class='ocrx_word' id='word_1_34' title='bbox 563 357 644 391; x_wconf 81' lang='lat' dir='ltr'><strong>dicit</strong></span> <span class='ocrx_word' id='word_1_35' title='bbox 668 358 812 403; x_wconf 73' lang='lat' dir='ltr'><strong>arma3)</strong></span> <span class='ocrx_word' id='word_1_36' title='bbox 843 371 915 391; x_wconf 89' lang='lat' dir='ltr'><strong>non</strong></span> <span class='ocrx_word' id='word_1_37' title='bbox 932 371 1002 391; x_wconf 88' lang='lat' dir='ltr'><strong>esse</strong></span> <span class='ocrx_word' id='word_1_38' title='bbox 1015 359 1211 403; x_wconf 85' lang='lat' dir='ltr'><strong>praebenda</strong></span> <span class='ocrx_word' id='word_1_39' title='bbox 1232 372 1312 404; x_wconf 86' lang='lat' dir='ltr'><strong>pec-</strong></span> 
     </span>
     <span class='ocr_line' id='line_1_6' title="bbox 172 419 1312 466; baseline 0.002 -15"><span class='ocrx_word' id='word_1_40' title='bbox 172 427 266 459; x_wconf 85' lang='lat' dir='ltr'><strong>cato,</strong></span> <span class='ocrx_word' id='word_1_41' title='bbox 295 420 347 452; x_wconf 86' lang='lat' dir='ltr'><strong>vel</strong></span> <span class='ocrx_word' id='word_1_42' title='bbox 371 419 558 464; x_wconf 86' lang='lat' dir='ltr'><strong>iniquitati,</strong></span> <span class='ocrx_word' id='word_1_43' title='bbox 588 433 661 453; x_wconf 88' lang='lat' dir='ltr'><strong>non</strong></span> <span class='ocrx_word' id='word_1_44' title='bbox 685 433 767 459; x_wconf 90' lang='lat' dir='ltr'><strong>nos,</strong></span> <span class='ocrx_word' id='word_1_45' title='bbox 793 420 852 453; x_wconf 84' lang='lat' dir='ltr'><strong>sed</strong></span> <span class='ocrx_word' id='word_1_46' title='bbox 876 421 1032 453; x_wconf 84' lang='lat' dir='ltr'><strong>membra</strong></span> <span class='ocrx_word' id='word_1_47' title='bbox 1056 430 1171 454; x_wconf 87' lang='lat' dir='ltr'><strong>nostra</strong></span> <span class='ocrx_word' id='word_1_48' title='bbox 1194 420 1312 466; x_wconf 84' lang='lat' dir='ltr'><strong>ponit:</strong></span> 
     </span>
     <span class='ocr_line' id='line_1_7' title="bbox 171 479 1316 527; baseline 0.001 -14"><span class='ocrx_word' id='word_1_49' title='bbox 171 479 232 513; x_wconf 84' lang='lat' dir='ltr'><strong>ubi</strong></span> <span class='ocrx_word' id='word_1_50' title='bbox 262 494 342 514; x_wconf 82' lang='lat' dir='ltr'><strong>vcro</strong></span> <span class='ocrx_word' id='word_1_51' title='bbox 379 482 514 522; x_wconf 76' lang='lat' dir='ltr'><strong>suadet,</strong></span> <span class='ocrx_word' id='word_1_52' title='bbox 554 491 592 514; x_wconf 90' lang='lat' dir='ltr'><strong>ut</strong></span> <span class='ocrx_word' id='word_1_53' title='bbox 616 483 695 515; x_wconf 90' lang='lat' dir='ltr'><strong>Deo</strong></span> <span class='ocrx_word' id='word_1_54' title='bbox 719 495 783 514; x_wconf 91' lang='lat' dir='ltr'><strong>nos</strong></span> <span class='ocrx_word' id='word_1_55' title='bbox 818 481 1050 522; x_wconf 80' lang='lat' dir='ltr'><strong>exhibeamus,</strong></span> <span class='ocrx_word' id='word_1_56' title='bbox 1087 496 1158 515; x_wconf 88' lang='lat' dir='ltr'><strong>non</strong></span> <span class='ocrx_word' id='word_1_57' title='bbox 1170 482 1207 527; x_wconf 74' lang='lat'><strong>⁴²)</strong></span> <span class='ocrx_word' id='word_1_58' title='bbox 1237 491 1316 514; x_wconf 81' lang='lat' dir='ltr'><strong>ante</strong></span> 
     </span>
     <span class='ocr_line' id='line_1_8' title="bbox 171 542 1314 588; baseline 0 -13"><span class='ocrx_word' id='word_1_59' title='bbox 171 544 336 583; x_wconf 84' lang='lat' dir='ltr'><strong>membra,</strong></span> <span class='ocrx_word' id='word_1_60' title='bbox 362 557 463 588; x_wconf 84' lang='lat' dir='ltr'><strong>quam</strong></span> <span class='ocrx_word' id='word_1_61' title='bbox 488 557 551 576; x_wconf 91' lang='lat' dir='ltr'><strong>nos</strong></span> <span class='ocrx_word' id='word_1_62' title='bbox 574 543 666 588; x_wconf 81' lang='lat' dir='ltr'><strong>ipsos</strong></span> <span class='ocrx_word' id='word_1_63' title='bbox 692 543 842 577; x_wconf 78' lang='lat' dir='ltr'><strong>exhiheri</strong></span> <span class='ocrx_word' id='word_1_64' title='bbox 865 544 937 577; x_wconf 87' lang='lat' dir='ltr'><strong>vult</strong></span> <span class='ocrx_word' id='word_1_65' title='bbox 954 545 1044 583; x_wconf 87' lang='lat' dir='ltr'><strong>Deo,</strong></span> <span class='ocrx_word' id='word_1_66' title='bbox 1068 545 1134 577; x_wconf 91' lang='lat' dir='ltr'><strong>hoc</strong></span> <span class='ocrx_word' id='word_1_67' title='bbox 1159 553 1217 583; x_wconf 86' lang='lat' dir='ltr'><strong>cst,</strong></span> <span class='ocrx_word' id='word_1_68' title='bbox 1242 542 1314 576; x_wconf 86' lang='lat' dir='ltr'><strong>ani-</strong></span> 
     </span>
     <span class='ocr_line' id='line_1_9' title="bbox 171 605 1315 650; baseline 0.001 -13"><span class='ocrx_word' id='word_1_69' title='bbox 171 617 281 645; x_wconf 86' lang='lat' dir='ltr'><strong>mam,</strong></span> <span class='ocrx_word' id='word_1_70' title='bbox 316 605 370 638; x_wconf 78' lang='lat' dir='ltr'><strong>vel</strong></span> <span class='ocrx_word' id='word_1_71' title='bbox 401 605 619 650; x_wconf 81' lang='lat' dir='ltr'><strong>propositum</strong></span> <span class='ocrx_word' id='word_1_72' title='bbox 648 615 824 646; x_wconf 86' lang='lat' dir='ltr'><strong>nostrum,</strong></span> <span class='ocrx_word' id='word_1_73' title='bbox 848 614 903 646; x_wconf 87' lang='lat' dir='ltr'><strong>ut,</strong></span> <span class='ocrx_word' id='word_1_74' title='bbox 935 619 1013 638; x_wconf 88' lang='lat' dir='ltr'><strong>cum</strong></span> <span class='ocrx_word' id='word_1_75' title='bbox 1037 605 1113 650; x_wconf 84' lang='lat' dir='ltr'><strong>pios</strong></span> <span class='ocrx_word' id='word_1_76' title='bbox 1136 619 1200 638; x_wconf 90' lang='lat' dir='ltr'><strong>nos</strong></span> <span class='ocrx_word' id='word_1_77' title='bbox 1223 605 1315 650; x_wconf 79' lang='lat' dir='ltr'><strong>ipsos</strong></span> 
     </span>
     <span class='ocr_line' id='line_1_10' title="bbox 172 666 1316 707; baseline 0.001 -9"><span class='ocrx_word' id='word_1_78' title='bbox 172 666 426 700; x_wconf 74' lang='lat' dir='ltr'><strong>exhibuerimus</strong></span> <span class='ocrx_word' id='word_1_79' title='bbox 450 668 547 706; x_wconf 79' lang='lat' dir='ltr'><strong>Deo,</strong></span> <span class='ocrx_word' id='word_1_80' title='bbox 580 676 613 699; x_wconf 83' lang='lat' dir='ltr'><strong>et</strong></span> <span class='ocrx_word' id='word_1_81' title='bbox 640 666 891 700; x_wconf 76' lang='lat' dir='ltr'><strong>adhaeserimus</strong></span> <span class='ocrx_word' id='word_1_82' title='bbox 916 666 956 707; x_wconf 89' lang='lat' dir='ltr'><strong>ei,</strong></span> <span class='ocrx_word' id='word_1_83' title='bbox 981 667 1026 700; x_wconf 83' lang='lat' dir='ltr'><strong>ita</strong></span> <span class='ocrx_word' id='word_1_84' title='bbox 1051 668 1189 700; x_wconf 84' lang='lat' dir='ltr'><strong>demum</strong></span> <span class='ocrx_word' id='word_1_85' title='bbox 1214 667 1316 700; x_wconf 82' lang='lat' dir='ltr'><strong>etiam</strong></span> 
     </span>
     <span class='ocr_line' id='line_1_11' title="bbox 170 728 1316 775; baseline 0 -14"><span class='ocrx_word' id='word_1_86' title='bbox 170 729 327 762; x_wconf 86' lang='lat' dir='ltr'><strong>membra</strong></span> <span class='ocrx_word' id='word_1_87' title='bbox 352 738 467 762; x_wconf 80' lang='lat' dir='ltr'><strong>nostra</strong></span> <span class='ocrx_word' id='word_1_88' title='bbox 493 728 678 763; x_wconf 77' lang='lat' dir='ltr'><strong>efficiamus</strong></span> <span class='ocrx_word' id='word_1_89' title='bbox 696 742 789 762; x_wconf 80' lang='lat' dir='ltr'><strong>arma</strong></span> <span class='ocrx_word' id='word_1_90' title='bbox 814 728 958 775; x_wconf 83' lang='lat' dir='ltr'><strong>justitiae</strong></span> <span class='ocrx_word' id='word_1_91' title='bbox 978 729 1068 762; x_wconf 90' lang='lat' dir='ltr'><strong>Deo.</strong></span> <span class='ocrx_word' id='word_1_92' title='bbox 1106 729 1201 763; x_wconf 85' lang='lat' dir='ltr'><strong>Sicut</strong></span> <span class='ocrx_word' id='word_1_93' title='bbox 1225 728 1316 761; x_wconf 89' lang='lat' dir='ltr'><strong>enim</strong></span> 
     </span>
     <span class='ocr_line' id='line_1_12' title="bbox 171 789 1315 836; baseline 0 -14"><span class='ocrx_word' id='word_1_94' title='bbox 171 803 292 824; x_wconf 87' lang='lat' dir='ltr'><strong>manus</strong></span> <span class='ocrx_word' id='word_1_95' title='bbox 314 800 448 824; x_wconf 88' lang='lat' dir='ltr'><strong>sanctae</strong></span> <span class='ocrx_word' id='word_1_96' title='bbox 467 790 636 831; x_wconf 86' lang='lat' dir='ltr'><strong>dicuntur,</strong></span> <span class='ocrx_word' id='word_1_97' title='bbox 663 804 749 836; x_wconf 85' lang='lat' dir='ltr'><strong>quae</strong></span> <span class='ocrx_word' id='word_1_98' title='bbox 767 790 937 835; x_wconf 84' lang='lat' dir='ltr'><strong>sanctis⁵)</strong></span> <span class='ocrx_word' id='word_1_99' title='bbox 960 790 1121 835; x_wconf 87' lang='lat' dir='ltr'><strong>operibus</strong></span> <span class='ocrx_word' id='word_1_100' title='bbox 1145 789 1315 824; x_wconf 80' lang='lat' dir='ltr'><strong>ministra—</strong></span> 
     </span>
     <span class='ocr_line' id='line_1_13' title="bbox 172 852 1317 897; baseline 0 -12"><span class='ocrx_word' id='word_1_101' title='bbox 172 852 290 892; x_wconf 82' lang='lat' dir='ltr'><strong>verint,</strong></span> <span class='ocrx_word' id='word_1_102' title='bbox 315 862 353 885; x_wconf 91' lang='lat' dir='ltr'><strong>ut</strong></span> <span class='ocrx_word' id='word_1_103' title='bbox 378 853 565 897; x_wconf 88' lang='lat' dir='ltr'><strong>Apostolus</strong></span> <span class='ocrx_word' id='word_1_104' title='bbox 591 852 690 886; x_wconf 78' lang='lat' dir='ltr'><strong>dicit:</strong></span> <span class='ocrx_word' id='word_1_105' title='bbox 724 852 943 896; x_wconf 75' lang='lat' dir='ltr'><strong>‚,levantes⁶)</strong></span> <span class='ocrx_word' id='word_1_106' title='bbox 975 866 1076 897; x_wconf 83' lang='lat' dir='ltr'><strong>puras</strong></span> <span class='ocrx_word' id='word_1_107' title='bbox 1101 865 1221 885; x_wconf 90' lang='lat' dir='ltr'><strong>manus</strong></span> <span class='ocrx_word' id='word_1_108' title='bbox 1245 852 1317 885; x_wconf 84' lang='lat' dir='ltr'><strong>sine</strong></span> 
     </span>
     <span class='ocr_line' id='line_1_14' title="bbox 171 914 1316 959; baseline -0.001 -12"><span class='ocrx_word' id='word_1_109' title='bbox 171 914 222 947; x_wconf 84' lang='lat' dir='ltr'><strong>ira</strong></span> <span class='ocrx_word' id='word_1_110' title='bbox 248 923 280 947; x_wconf 84' lang='lat' dir='ltr'><strong>et</strong></span> <span class='ocrx_word' id='word_1_111' title='bbox 303 914 594 959; x_wconf 85' lang='lat' dir='ltr'><strong>disceptatione:“</strong></span> <span class='ocrx_word' id='word_1_112' title='bbox 628 914 709 959; x_wconf 81' lang='lat' dir='ltr'><strong>et7)</strong></span> <span class='ocrx_word' id='word_1_113' title='bbox 742 927 878 947; x_wconf 88' lang='lat' dir='ltr'><strong>rursum</strong></span> <span class='ocrx_word' id='word_1_114' title='bbox 902 927 1022 947; x_wconf 78' lang='lat' dir='ltr'><strong>manus</strong></span> <span class='ocrx_word' id='word_1_115' title='bbox 1057 914 1218 947; x_wconf 86' lang='lat' dir='ltr'><strong>dicuntur</strong></span> <span class='ocrx_word' id='word_1_116' title='bbox 1241 914 1316 959; x_wconf 86' lang='lat' dir='ltr'><strong>ple-</strong></span> 
     </span>
     <span class='ocr_line' id='line_1_15' title="bbox 172 975 1315 1021; baseline -0.001 -12"><span class='ocrx_word' id='word_1_117' title='bbox 172 989 237 1009; x_wconf 84' lang='lat' dir='ltr'><strong>nae</strong></span> <span class='ocrx_word' id='word_1_118' title='bbox 260 976 440 1018; x_wconf 86' lang='lat' dir='ltr'><strong>sanguine,</strong></span> <span class='ocrx_word' id='word_1_119' title='bbox 474 989 561 1021; x_wconf 81' lang='lat' dir='ltr'><strong>quae</strong></span> <span class='ocrx_word' id='word_1_120' title='bbox 599 977 641 1009; x_wconf 86' lang='lat' dir='ltr'><strong>ad</strong></span> <span class='ocrx_word' id='word_1_121' title='bbox 655 976 691 1021; x_wconf 73' lang='lat'><strong>⁸)</strong></span> <span class='ocrx_word' id='word_1_122' title='bbox 717 976 968 1009; x_wconf 83' lang='lat' dir='ltr'><strong>effundendum</strong></span> <span class='ocrx_word' id='word_1_123' title='bbox 993 976 1190 1019; x_wconf 85' lang='lat' dir='ltr'><strong>sanguinem</strong></span> <span class='ocrx_word' id='word_1_124' title='bbox 1213 975 1315 1008; x_wconf 84' lang='lat' dir='ltr'><strong>mini-</strong></span> 
     </span>
     <span class='ocr_line' id='line_1_16' title="bbox 172 1037 1316 1084; baseline 0 -14"><span class='ocrx_word' id='word_1_125' title='bbox 172 1038 365 1071; x_wconf 77' lang='lat' dir='ltr'><strong>straverint:</strong></span> <span class='ocrx_word' id='word_1_126' title='bbox 390 1038 435 1071; x_wconf 84' lang='lat' dir='ltr'><strong>ita</strong></span> <span class='ocrx_word' id='word_1_127' title='bbox 461 1047 493 1071; x_wconf 87' lang='lat' dir='ltr'><strong>et</strong></span> <span class='ocrx_word' id='word_1_128' title='bbox 516 1038 552 1070; x_wconf 81' lang='lat' dir='ltr'><strong>in</strong></span> <span class='ocrx_word' id='word_1_129' title='bbox 576 1037 745 1082; x_wconf 83' lang='lat' dir='ltr'><strong>praesenti</strong></span> <span class='ocrx_word' id='word_1_130' title='bbox 771 1038 849 1070; x_wconf 90' lang='lat' dir='ltr'><strong>loco</strong></span> <span class='ocrx_word' id='word_1_131' title='bbox 874 1038 1039 1077; x_wconf 81' lang='lat' dir='ltr'><strong>membra,</strong></span> <span class='ocrx_word' id='word_1_132' title='bbox 1065 1051 1151 1084; x_wconf 84' lang='lat' dir='ltr'><strong>quae</strong></span> <span class='ocrx_word' id='word_1_133' title='bbox 1175 1046 1316 1082; x_wconf 88' lang='lat' dir='ltr'><strong>peccato</strong></span> 
     </span>
     <span class='ocr_line' id='line_1_17' title="bbox 172 1098 1318 1144; baseline -0.001 -12"><span class='ocrx_word' id='word_1_134' title='bbox 172 1099 366 1134; x_wconf 86' lang='lat' dir='ltr'><strong>deserviunt</strong></span> <span class='ocrx_word' id='word_1_135' title='bbox 397 1108 430 1132; x_wconf 85' lang='lat' dir='ltr'><strong>et</strong></span> <span class='ocrx_word' id='word_1_136' title='bbox 464 1099 653 1144; x_wconf 85' lang='lat' dir='ltr'><strong>iniquitati,</strong></span> <span class='ocrx_word' id='word_1_137' title='bbox 684 1112 778 1132; x_wconf 83' lang='lat' dir='ltr'><strong>arma</strong></span> <span class='ocrx_word' id='word_1_138' title='bbox 810 1098 996 1144; x_wconf 83' lang='lat' dir='ltr'><strong>iniquitatis</strong></span> <span class='ocrx_word' id='word_1_139' title='bbox 1027 1099 1260 1144; x_wconf 82' lang='lat' dir='ltr'><strong>appellantur:</strong></span> <span class='ocrx_word' id='word_1_140' title='bbox 1285 1108 1318 1132; x_wconf 87' lang='lat' dir='ltr'><strong>et</strong></span> 
     </span>
     <span class='ocr_line' id='line_1_18' title="bbox 173 1160 1316 1206; baseline -0.003 -11"><span class='ocrx_word' id='word_1_141' title='bbox 173 1175 329 1202; x_wconf 88' lang='lat' dir='ltr'><strong>rursum,</strong></span> <span class='ocrx_word' id='word_1_142' title='bbox 354 1161 379 1195; x_wconf 85' lang='lat' dir='ltr'><strong>si</strong></span> <span class='ocrx_word' id='word_1_143' title='bbox 403 1160 533 1206; x_wconf 86' lang='lat' dir='ltr'><strong>peccati</strong></span> <span class='ocrx_word' id='word_1_144' title='bbox 566 1160 875 1205; x_wconf 81' lang='lat' dir='ltr'><strong>concupiscentiam</strong></span> <span class='ocrx_word' id='word_1_145' title='bbox 908 1160 1153 1194; x_wconf 81' lang='lat' dir='ltr'><strong>mortificemus</strong></span> <span class='ocrx_word' id='word_1_146' title='bbox 1177 1161 1212 1194; x_wconf 84' lang='lat' dir='ltr'><strong>in</strong></span> <span class='ocrx_word' id='word_1_147' title='bbox 1240 1173 1316 1193; x_wconf 89' lang='lat' dir='ltr'><strong>cor-</strong></span> 
     </span>
     <span class='ocr_line' id='line_1_19' title="bbox 172 1221 1316 1268; baseline -0.001 -12"><span class='ocrx_word' id='word_1_148' title='bbox 172 1236 259 1268; x_wconf 86' lang='lat' dir='ltr'><strong>pore</strong></span> <span class='ocrx_word' id='word_1_149' title='bbox 290 1233 409 1256; x_wconf 87' lang='lat' dir='ltr'><strong>nostro</strong></span> <span class='ocrx_word' id='word_1_150' title='bbox 434 1223 588 1263; x_wconf 77' lang='lat' dir='ltr'><strong>mortali,</strong></span> <span class='ocrx_word' id='word_1_151' title='bbox 622 1232 654 1255; x_wconf 88' lang='lat' dir='ltr'><strong>ct</strong></span> <span class='ocrx_word' id='word_1_152' title='bbox 678 1222 713 1256; x_wconf 86' lang='lat' dir='ltr'><strong>in</strong></span> <span class='ocrx_word' id='word_1_153' title='bbox 738 1236 843 1267; x_wconf 91' lang='lat' dir='ltr'><strong>opere</strong></span> <span class='ocrx_word' id='word_1_154' title='bbox 867 1221 1012 1268; x_wconf 81' lang='lat' dir='ltr'><strong>justitiae</strong></span> <span class='ocrx_word' id='word_1_155' title='bbox 1036 1222 1242 1262; x_wconf 79' lang='lat' dir='ltr'><strong>laboremus,</strong></span> <span class='ocrx_word' id='word_1_156' title='bbox 1266 1231 1316 1255; x_wconf 76' lang='lat' dir='ltr'><strong>at-</strong></span> 
     </span>
     <span class='ocr_line' id='line_1_20' title="bbox 175 1283 1316 1329; baseline 0 -12"><span class='ocrx_word' id='word_1_157' title='bbox 175 1297 241 1328; x_wconf 87' lang='lat' dir='ltr'><strong>que</strong></span> <span class='ocrx_word' id='word_1_158' title='bbox 254 1285 290 1329; x_wconf 84' lang='lat'><strong>⁹)</strong></span> <span class='ocrx_word' id='word_1_159' title='bbox 316 1285 474 1317; x_wconf 84' lang='lat' dir='ltr'><strong>omnibus</strong></span> <span class='ocrx_word' id='word_1_160' title='bbox 499 1284 662 1317; x_wconf 78' lang='lat' dir='ltr'><strong>membris</strong></span> <span class='ocrx_word' id='word_1_161' title='bbox 687 1283 811 1316; x_wconf 85' lang='lat' dir='ltr'><strong>nostris</strong></span> <span class='ocrx_word' id='word_1_162' title='bbox 834 1283 980 1329; x_wconf 80' lang='lat' dir='ltr'><strong>justitiae</strong></span> <span class='ocrx_word' id='word_1_163' title='bbox 1004 1284 1242 1324; x_wconf 83' lang='lat' dir='ltr'><strong>ministremus,</strong></span> <span class='ocrx_word' id='word_1_164' title='bbox 1267 1285 1316 1317; x_wconf 85' lang='lat' dir='ltr'><strong>ef-</strong></span> 
     </span>
     <span class='ocr_line' id='line_1_21' title="bbox 174 1343 1316 1391; baseline 0 -13"><span class='ocrx_word' id='word_1_165' title='bbox 174 1346 309 1378; x_wconf 82' lang='lat' dir='ltr'><strong>ficimur</strong></span> <span class='ocrx_word' id='word_1_166' title='bbox 331 1355 494 1391; x_wconf 77' lang='lat' dir='ltr'><strong>tauquam</strong></span> <span class='ocrx_word' id='word_1_167' title='bbox 522 1359 560 1378; x_wconf 87' lang='lat' dir='ltr'><strong>ex</strong></span> <span class='ocrx_word' id='word_1_168' title='bbox 584 1345 729 1378; x_wconf 88' lang='lat' dir='ltr'><strong>mortuis</strong></span> <span class='ocrx_word' id='word_1_169' title='bbox 745 1343 901 1385; x_wconf 85' lang='lat' dir='ltr'><strong>viventes,</strong></span> <span class='ocrx_word' id='word_1_170' title='bbox 926 1355 1067 1389; x_wconf 81' lang='lat' dir='ltr'><strong>peccato</strong></span> <span class='ocrx_word' id='word_1_171' title='bbox 1083 1345 1208 1379; x_wconf 87' lang='lat' dir='ltr'><strong>scilicet</strong></span> <span class='ocrx_word' id='word_1_172' title='bbox 1222 1359 1316 1379; x_wconf 81' lang='lat' dir='ltr'><strong>mor—</strong></span> 
     </span>
     <span class='ocr_line' id='line_1_22' title="bbox 172 1406 1317 1453; baseline 0.001 -14"><span class='ocrx_word' id='word_1_173' title='bbox 172 1407 235 1448; x_wconf 83' lang='lat' dir='ltr'><strong>tui,</strong></span> <span class='ocrx_word' id='word_1_174' title='bbox 261 1417 293 1440; x_wconf 86' lang='lat' dir='ltr'><strong>et</strong></span> <span class='ocrx_word' id='word_1_175' title='bbox 316 1406 462 1453; x_wconf 81' lang='lat' dir='ltr'><strong>justitiae</strong></span> <span class='ocrx_word' id='word_1_176' title='bbox 485 1407 654 1448; x_wconf 78' lang='lat' dir='ltr'><strong>viventes3</strong></span> <span class='ocrx_word' id='word_1_177' title='bbox 686 1416 718 1439; x_wconf 90' lang='lat' dir='ltr'><strong>ct</strong></span> <span class='ocrx_word' id='word_1_178' title='bbox 752 1416 1000 1451; x_wconf 85' lang='lat' dir='ltr'><strong>consequenter</strong></span> <span class='ocrx_word' id='word_1_179' title='bbox 1030 1406 1129 1440; x_wconf 81' lang='lat' dir='ltr'><strong>ctiam</strong></span> <span class='ocrx_word' id='word_1_180' title='bbox 1162 1408 1317 1441; x_wconf 85' lang='lat' dir='ltr'><strong>membra</strong></span> 
     </span>
    </p>
   </div>
   <div class='ocr_carea' id='block_1_3' title="bbox 174 1467 1316 1514">
    <p class='ocr_par' dir='ltr' id='par_1_3' title="bbox 174 1467 1316 1514">
     <span class='ocr_line' id='line_1_23' title="bbox 174 1467 1316 1514; baseline 0 -12"><span class='ocrx_word' id='word_1_181' title='bbox 174 1478 291 1503; x_wconf 84' lang='lat' dir='ltr'><strong>nostra</strong></span> <span class='ocrx_word' id='word_1_182' title='bbox 323 1469 411 1502; x_wconf 84' lang='lat' dir='ltr'><strong>fiunt</strong></span> <span class='ocrx_word' id='word_1_183' title='bbox 443 1482 534 1502; x_wconf 82' lang='lat' dir='ltr'><strong>arma</strong></span> <span class='ocrx_word' id='word_1_184' title='bbox 568 1467 715 1514; x_wconf 81' lang='lat' dir='ltr'><strong>justitiae</strong></span> <span class='ocrx_word' id='word_1_185' title='bbox 741 1468 830 1501; x_wconf 83' lang='lat' dir='ltr'><strong>Deo.</strong></span> <span class='ocrx_word' id='word_1_186' title='bbox 879 1468 975 1501; x_wconf 83' lang='lat' dir='ltr'><strong>Bene</strong></span> <span class='ocrx_word' id='word_1_187' title='bbox 1000 1478 1113 1501; x_wconf 84' lang='lat' dir='ltr'><strong>autem</strong></span> <span class='ocrx_word' id='word_1_188' title='bbox 1137 1470 1316 1514; x_wconf 84' lang='lat' dir='ltr'><strong>metapho-</strong></span> 
     </span>
    </p>
   </div>
   <div class='ocr_carea' id='block_1_4' title="bbox 176 1602 1315 1681">
    <p class='ocr_par' dir='ltr' id='par_1_4' title="bbox 176 1602 1315 1681">
     <span class='ocr_line' id='line_1_24' title="bbox 270 1602 1315 1647; baseline 0.001 -11"><span class='ocrx_word' id='word_1_189' title='bbox 270 1603 305 1646; x_wconf 87' lang='grc' dir='ltr'><strong>Ι)</strong></span> <span class='ocrx_word' id='word_1_190' title='bbox 329 1603 394 1636; x_wconf 84' lang='lat' dir='ltr'><strong>Ed.</strong></span> <span class='ocrx_word' id='word_1_191' title='bbox 420 1602 528 1636; x_wconf 64' lang='lat' dir='ltr'><strong>I&#39;iuaei</strong></span> <span class='ocrx_word' id='word_1_192' title='bbox 552 1602 625 1635; x_wconf 86' lang='lat' dir='ltr'><strong>sola</strong></span> <span class='ocrx_word' id='word_1_193' title='bbox 650 1603 681 1637; x_wconf 88' lang='lat' dir='ltr'><strong>h.</strong></span> <span class='ocrx_word' id='word_1_194' title='bbox 707 1602 807 1643; x_wconf 83' lang='lat' dir='ltr'><strong>loco,</strong></span> <span class='ocrx_word' id='word_1_195' title='bbox 845 1603 904 1636; x_wconf 80' lang='lat' dir='ltr'><strong>cfr.</strong></span> <span class='ocrx_word' id='word_1_196' title='bbox 928 1616 960 1647; x_wconf 89' lang='lat' dir='ltr'><strong>p.</strong></span> <span class='ocrx_word' id='word_1_197' title='bbox 987 1604 1016 1637; x_wconf 87' lang='lat'><strong>1.</strong></span> <span class='ocrx_word' id='word_1_198' title='bbox 1040 1611 1112 1636; x_wconf 85' lang='lat' dir='ltr'><strong>not.</strong></span> <span class='ocrx_word' id='word_1_199' title='bbox 1136 1604 1166 1637; x_wconf 88' lang='lat'><strong>1.</strong></span> <span class='ocrx_word' id='word_1_200' title='bbox 1189 1603 1315 1647; x_wconf 81' lang='lat' dir='ltr'><strong>„magis</strong></span> 
     </span>
     <span class='ocr_line' id='line_1_25' title="bbox 176 1653 376 1681; baseline 0 -1"><span class='ocrx_word' id='word_1_201' title='bbox 176 1653 289 1681; x_wconf 81' lang='lat' dir='ltr'><strong>arma“</strong></span> <span class='ocrx_word' id='word_1_202' title='bbox 316 1657 376 1680; x_wconf 84' lang='lat' dir='ltr'><strong>etc.</strong></span> 
     </span>
    </p>
   </div>
   <div class='ocr_carea' id='block_1_5' title="bbox 267 1703 903 1749">
    <p class='ocr_par' dir='ltr' id='par_1_5' title="bbox 267 1703 903 1749">
     <span class='ocr_line' id='line_1_26' title="bbox 267 1703 903 1749; baseline 0.002 -13"><span class='ocrx_word' id='word_1_203' title='bbox 267 1704 305 1747; x_wconf 78' lang='grc'><strong>2)</strong></span> <span class='ocrx_word' id='word_1_204' title='bbox 332 1704 439 1737; x_wconf 81' lang='lat' dir='ltr'><strong>Alias:</strong></span> <span class='ocrx_word' id='word_1_205' title='bbox 464 1708 591 1749; x_wconf 83' lang='lat' dir='ltr'><strong>„qua;“</strong></span> <span class='ocrx_word' id='word_1_206' title='bbox 614 1703 655 1735; x_wconf 82' lang='lat' dir='ltr'><strong>al.</strong></span> <span class='ocrx_word' id='word_1_207' title='bbox 681 1707 837 1747; x_wconf 88' lang='lat' dir='ltr'><strong>‚,quam.“</strong></span> <span class='ocrx_word' id='word_1_208' title='bbox 861 1704 903 1737; x_wconf 83' lang='lat' dir='ltr'><strong>R.</strong></span> 
     </span>
    </p>
   </div>
   <div class='ocr_carea' id='block_1_6' title="bbox 174 1758 1314 1851">
    <p class='ocr_par' dir='ltr' id='par_1_6' title="bbox 174 1758 1314 1851">
     <span class='ocr_line' id='line_1_27' title="bbox 268 1758 1314 1804; baseline 0.003 -11"><span class='ocrx_word' id='word_1_209' title='bbox 268 1759 304 1804; x_wconf 83' lang='grc'><strong>3)</strong></span> <span class='ocrx_word' id='word_1_210' title='bbox 329 1760 423 1794; x_wconf 86' lang='lat' dir='ltr'><strong>Editi</strong></span> <span class='ocrx_word' id='word_1_211' title='bbox 462 1762 508 1804; x_wconf 80' lang='lat' dir='ltr'><strong>(e.</strong></span> <span class='ocrx_word' id='word_1_212' title='bbox 542 1774 569 1792; x_wconf 90' lang='lat' dir='ltr'><strong>c.</strong></span> <span class='ocrx_word' id='word_1_213' title='bbox 609 1759 685 1791; x_wconf 89' lang='lat' dir='ltr'><strong>edd.</strong></span> <span class='ocrx_word' id='word_1_214' title='bbox 718 1758 787 1803; x_wconf 82' lang='lat' dir='ltr'><strong>M.)</strong></span> <span class='ocrx_word' id='word_1_215' title='bbox 825 1773 1020 1804; x_wconf 82' lang='lat' dir='ltr'><strong>perperam:</strong></span> <span class='ocrx_word' id='word_1_216' title='bbox 1053 1774 1167 1801; x_wconf 86' lang='lat' dir='ltr'><strong>„arma</strong></span> <span class='ocrx_word' id='word_1_217' title='bbox 1199 1771 1314 1796; x_wconf 78' lang='lat' dir='ltr'><strong>nostra</strong></span> 
     </span>
     <span class='ocr_line' id='line_1_28' title="bbox 174 1805 1196 1851; baseline 0.003 -14"><span class='ocrx_word' id='word_1_218' title='bbox 174 1805 371 1850; x_wconf 82' lang='lat' dir='ltr'><strong>praebenda</strong></span> <span class='ocrx_word' id='word_1_219' title='bbox 390 1806 486 1851; x_wconf 81' lang='lat' dir='ltr'><strong>(edd.</strong></span> <span class='ocrx_word' id='word_1_220' title='bbox 510 1805 560 1838; x_wconf 87' lang='lat' dir='ltr'><strong>M.</strong></span> <span class='ocrx_word' id='word_1_221' title='bbox 586 1805 736 1837; x_wconf 88' lang='lat' dir='ltr'><strong>addunt:</strong></span> <span class='ocrx_word' id='word_1_222' title='bbox 763 1806 860 1849; x_wconf 78' lang='lat' dir='ltr'><strong>esse)</strong></span> <span class='ocrx_word' id='word_1_223' title='bbox 883 1811 1047 1850; x_wconf 83' lang='lat' dir='ltr'><strong>peccato“</strong></span> <span class='ocrx_word' id='word_1_224' title='bbox 1074 1816 1134 1839; x_wconf 86' lang='lat' dir='ltr'><strong>etc.</strong></span> <span class='ocrx_word' id='word_1_225' title='bbox 1158 1807 1196 1840; x_wconf 85' lang='lat' dir='ltr'><strong>R.</strong></span> 
     </span>
    </p>
   </div>
   <div class='ocr_carea' id='block_1_7' title="bbox 267 1860 1166 2071">
    <p class='ocr_par' dir='ltr' id='par_1_7' title="bbox 269 1860 929 1904">
     <span class='ocr_line' id='line_1_29' title="bbox 269 1860 929 1904; baseline 0.005 -12"><span class='ocrx_word' id='word_1_226' title='bbox 269 1860 304 1904; x_wconf 79' lang='lat'><strong>¹²)</strong></span> <span class='ocrx_word' id='word_1_227' title='bbox 332 1860 443 1894; x_wconf 82' lang='lat' dir='ltr'><strong>Alias:</strong></span> <span class='ocrx_word' id='word_1_228' title='bbox 466 1874 560 1900; x_wconf 86' lang='lat' dir='ltr'><strong>„non</strong></span> <span class='ocrx_word' id='word_1_229' title='bbox 584 1870 654 1893; x_wconf 87' lang='lat' dir='ltr'><strong>tam</strong></span> <span class='ocrx_word' id='word_1_230' title='bbox 677 1861 864 1894; x_wconf 82' lang='lat' dir='ltr'><strong>membra.“</strong></span> <span class='ocrx_word' id='word_1_231' title='bbox 888 1862 929 1895; x_wconf 89' lang='lat' dir='ltr'><strong>R.</strong></span> 
     </span>
    </p>

    <p class='ocr_par' dir='ltr' id='par_1_8' title="bbox 270 1916 946 1961">
     <span class='ocr_line' id='line_1_30' title="bbox 270 1916 946 1961; baseline 0.001 -12"><span class='ocrx_word' id='word_1_232' title='bbox 270 1916 306 1959; x_wconf 82' lang='grc'><strong>5)</strong></span> <span class='ocrx_word' id='word_1_233' title='bbox 329 1917 419 1949; x_wconf 86' lang='lat' dir='ltr'><strong>Edd.</strong></span> <span class='ocrx_word' id='word_1_234' title='bbox 444 1916 602 1950; x_wconf 64' lang='lat' dir='ltr'><strong>Nlerlini:</strong></span> <span class='ocrx_word' id='word_1_235' title='bbox 629 1916 790 1961; x_wconf 80' lang='lat' dir='ltr'><strong>operibus</strong></span> <span class='ocrx_word' id='word_1_236' title='bbox 815 1917 946 1950; x_wconf 86' lang='lat' dir='ltr'><strong>sanctis.</strong></span> 
     </span>
    </p>

    <p class='ocr_par' dir='ltr' id='par_1_9' title="bbox 267 1970 584 2015">
     <span class='ocr_line' id='line_1_31' title="bbox 267 1970 584 2015; baseline 0.016 -13"><span class='ocrx_word' id='word_1_237' title='bbox 267 1970 305 2015; x_wconf 66' lang='grc' dir='ltr'><strong>ὅ&gt;</strong></span> <span class='ocrx_word' id='word_1_238' title='bbox 330 1972 343 2003; x_wconf 96' lang='grc' dir='ltr'>Ι</span> <span class='ocrx_word' id='word_1_239' title='bbox 370 1973 457 2005; x_wconf 88' lang='lat' dir='ltr'><strong>Tim.</strong></span> <span class='ocrx_word' id='word_1_240' title='bbox 482 1974 524 2013; x_wconf 85' lang='lat' dir='ltr'><strong>II,</strong></span> <span class='ocrx_word' id='word_1_241' title='bbox 552 1974 584 2007; x_wconf 86' lang='grc'><strong>8.</strong></span> 
     </span>
    </p>

    <p class='ocr_par' dir='ltr' id='par_1_10' title="bbox 269 2027 1166 2071">
     <span class='ocr_line' id='line_1_32' title="bbox 269 2027 1166 2071; baseline 0.004 -11"><span class='ocrx_word' id='word_1_242' title='bbox 269 2027 304 2071; x_wconf 82' lang='grc'><strong>7)</strong></span> <span class='ocrx_word' id='word_1_243' title='bbox 329 2028 419 2061; x_wconf 88' lang='lat' dir='ltr'><strong>Edd.</strong></span> <span class='ocrx_word' id='word_1_244' title='bbox 445 2029 601 2063; x_wconf 78' lang='lat' dir='ltr'><strong>Mei-lini:</strong></span> <span class='ocrx_word' id='word_1_245' title='bbox 628 2039 666 2062; x_wconf 84' lang='lat' dir='ltr'><strong>ut</strong></span> <span class='ocrx_word' id='word_1_246' title='bbox 689 2041 824 2063; x_wconf 83' lang='lat' dir='ltr'><strong>rursum</strong></span> <span class='ocrx_word' id='word_1_247' title='bbox 849 2042 969 2062; x_wconf 84' lang='lat' dir='ltr'><strong>manus</strong></span> <span class='ocrx_word' id='word_1_248' title='bbox 995 2030 1166 2064; x_wconf 86' lang='lat' dir='ltr'><strong>dicuntur.</strong></span> 
     </span>
    </p>
   </div>
   <div class='ocr_carea' id='block_1_8' title="bbox 174 2082 1311 2218">
    <p class='ocr_par' dir='ltr' id='par_1_11' title="bbox 174 2082 1311 2218">
     <span class='ocr_line' id='line_1_33' title="bbox 267 2082 1310 2129; baseline 0.003 -13"><span class='ocrx_word' id='word_1_249' title='bbox 267 2082 305 2128; x_wconf 71' lang='lat'><strong>5&gt;</strong></span> <span class='ocrx_word' id='word_1_250' title='bbox 330 2084 424 2117; x_wconf 87' lang='lat' dir='ltr'><strong>Editi</strong></span> <span class='ocrx_word' id='word_1_251' title='bbox 456 2085 503 2129; x_wconf 79' lang='lat' dir='ltr'><strong>(v.</strong></span> <span class='ocrx_word' id='word_1_252' title='bbox 540 2099 567 2119; x_wconf 89' lang='lat' dir='ltr'><strong>c.</strong></span> <span class='ocrx_word' id='word_1_253' title='bbox 601 2087 653 2119; x_wconf 84' lang='lat' dir='ltr'><strong>ed.</strong></span> <span class='ocrx_word' id='word_1_254' title='bbox 683 2087 732 2119; x_wconf 87' lang='lat' dir='ltr'><strong>M.</strong></span> <span class='ocrx_word' id='word_1_255' title='bbox 757 2086 834 2126; x_wconf 79' lang='grc' dir='ltr'>ΙΙ.);</span> <span class='ocrx_word' id='word_1_256' title='bbox 869 2086 934 2125; x_wconf 83' lang='lat' dir='ltr'><strong>„ad</strong></span> <span class='ocrx_word' id='word_1_257' title='bbox 960 2087 1207 2119; x_wconf 86' lang='lat' dir='ltr'><strong>effundendum</strong></span> <span class='ocrx_word' id='word_1_258' title='bbox 1234 2101 1310 2120; x_wconf 85' lang='lat' dir='ltr'><strong>cum</strong></span> 
     </span>
     <span class='ocr_line' id='line_1_34' title="bbox 175 2128 1311 2177; baseline 0.005 -17"><span class='ocrx_word' id='word_1_259' title='bbox 175 2128 466 2163; x_wconf 83' lang='lat' dir='ltr'><strong>ministraverint.“</strong></span> <span class='ocrx_word' id='word_1_260' title='bbox 496 2131 537 2164; x_wconf 89' lang='lat' dir='ltr'><strong>R.</strong></span> <span class='ocrx_word' id='word_1_261' title='bbox 571 2150 614 2157; x_wconf 83' lang='lat'><strong>—</strong></span> <span class='ocrx_word' id='word_1_262' title='bbox 645 2131 685 2164; x_wconf 86' lang='lat' dir='ltr'><strong>In</strong></span> <span class='ocrx_word' id='word_1_263' title='bbox 711 2132 762 2165; x_wconf 83' lang='lat' dir='ltr'><strong>ed.</strong></span> <span class='ocrx_word' id='word_1_264' title='bbox 786 2131 836 2164; x_wconf 87' lang='lat' dir='ltr'><strong>M.</strong></span> <span class='ocrx_word' id='word_1_265' title='bbox 860 2131 885 2164; x_wconf 90' lang='grc' dir='ltr'><strong>Ι.</strong></span> <span class='ocrx_word' id='word_1_266' title='bbox 910 2144 1022 2176; x_wconf 86' lang='lat' dir='ltr'><strong>neque</strong></span> <span class='ocrx_word' id='word_1_267' title='bbox 1046 2137 1176 2172; x_wconf 88' lang='lat' dir='ltr'><strong>„cum,“</strong></span> <span class='ocrx_word' id='word_1_268' title='bbox 1199 2145 1311 2177; x_wconf 88' lang='lat' dir='ltr'><strong>neque</strong></span> 
     </span>
     <span class='ocr_line' id='line_1_35' title="bbox 174 2173 566 2218; baseline 0.008 -12"><span class='ocrx_word' id='word_1_269' title='bbox 174 2173 413 2215; x_wconf 85' lang='lat' dir='ltr'><strong>„sanguinem“</strong></span> <span class='ocrx_word' id='word_1_270' title='bbox 437 2174 566 2218; x_wconf 80' lang='lat' dir='ltr'><strong>legitur.</strong></span> 
     </span>
    </p>
   </div>
   <div class='ocr_carea' id='block_1_9' title="bbox 267 2230 1310 2278">
    <p class='ocr_par' dir='ltr' id='par_1_12' title="bbox 267 2230 1310 2278">
     <span class='ocr_line' id='line_1_36' title="bbox 267 2230 1310 2278; baseline 0.002 -14"><span class='ocrx_word' id='word_1_271' title='bbox 267 2231 304 2274; x_wconf 78' lang='grc'><strong>9)</strong></span> <span class='ocrx_word' id='word_1_272' title='bbox 331 2230 420 2265; x_wconf 73' lang='lat' dir='ltr'><strong>Alias</strong></span> <span class='ocrx_word' id='word_1_273' title='bbox 459 2245 654 2278; x_wconf 76' lang='lat' dir='ltr'><strong>perperam:</strong></span> <span class='ocrx_word' id='word_1_274' title='bbox 699 2243 827 2278; x_wconf 82' lang='lat' dir='ltr'><strong>„atque</strong></span> <span class='ocrx_word' id='word_1_275' title='bbox 863 2232 898 2267; x_wconf 82' lang='lat' dir='ltr'><strong>iu</strong></span> <span class='ocrx_word' id='word_1_276' title='bbox 937 2233 1095 2267; x_wconf 83' lang='lat' dir='ltr'><strong>omnihus</strong></span> <span class='ocrx_word' id='word_1_277' title='bbox 1126 2233 1310 2268; x_wconf 81' lang='lat' dir='ltr'><strong>memhris“</strong></span> 
     </span>
    </p>
   </div>
   <div class='ocr_carea' id='block_1_10' title="bbox 175 2276 300 2310">
    <p class='ocr_par' dir='ltr' id='par_1_13' title="bbox 175 2276 300 2310">
     <span class='ocr_line' id='line_1_37' title="bbox 175 2276 300 2310; baseline 0.008 -3"><span class='ocrx_word' id='word_1_278' title='bbox 175 2284 233 2308; x_wconf 80' lang='lat' dir='ltr'><strong>etc.</strong></span> <span class='ocrx_word' id='word_1_279' title='bbox 262 2276 300 2310; x_wconf 60' lang='lat' dir='ltr'><strong>R„</strong></span> 
     </span>
    </p>
   </div>
  </div>
 </body>
</html>
