1320 2444
154 81 227 117 324
437 79 616 114 Omcnms
640 89 677 114 m
700 79 763 114 Ep.
790 88 838 114 An
864 79 1049 116 Rommos

163 172 251 217 in¹)
276 170 486 218 adjutorium
524 169 629 215 ipsius
665 180 924 213 congregantur.
971 171 1088 206 Potest
1112 172 1202 206 enim
1227 173 1312 215 fieri,

163 233 249 277 ut2)
273 234 408 266 animus
430 234 522 266 ferus
547 246 586 265 ac
610 233 777 266 barbarus
801 233 950 274 inimici,
986 233 1013 268 si
1036 234 1156 268 sentiat
1179 235 1310 268 benefi-

164 296 257 329 cium
280 305 434 328 nostrum
449 318 458 333 ,
491 293 517 327 si
543 293 808 334 humanitatem,
841 295 869 329 si
893 297 1073 337 affectum,
1103 296 1129 330 si
1152 296 1313 341 pietatem

163 357 288 397 videat,
316 355 622 401 compunctionem
648 356 761 389 cordis
789 356 917 401 capiat,
958 358 1128 391 commissi
1151 359 1311 402 poenitu-

165 418 281 452 dinem
307 427 416 459 gerat,
455 427 487 450 et
519 430 555 450 ex
580 417 647 449 hoc
671 416 754 458 ignis
787 416 822 450 in
848 430 888 451 eo
915 418 1053 463 quidem
1076 422 1314 462 succendatur,

163 480 223 525 qui
248 493 325 513 eum
351 492 415 523 pro
428 478 465 523 ³)
498 477 670 512 commissi
710 479 915 513 conscientia
940 489 1097 525 torqueat
1121 490 1152 513 et
1175 482 1313 514 adurat:

165 551 197 575 et
219 541 273 575 isti
298 550 397 574 erunt
423 541 589 573 carbones
613 539 717 581 ignis,
752 540 811 585 qui
833 555 937 586 super
961 551 1062 586 caput
1087 541 1157 588 ejus
1182 556 1220 576 ex
1247 556 1312 576 no-

164 613 234 637 stro
260 602 515 636 misericordiae
546 610 578 634 et
602 601 735 646 pictatis
762 616 867 647 opere
897 613 1152 645 congregantur.
1201 605 1315 650 Caput

165 678 258 705 vero,
282 664 472 709 principale
510 663 622 696 cordis
655 663 865 708 appellatur:
893 674 925 698 ct
956 664 1078 699 merito
1104 675 1206 712 caput
1230 666 1315 700 dici-

164 736 231 766 tur,
257 724 352 771 cujus
376 725 550 759 intellectu
588 734 621 758 ct
653 726 836 770 prudentia
868 727 1025 761 membra
1049 738 1213 770 reguntur
1234 729 1313 763 uni-

165 801 269 822 versa.

256 851 311 884 24.
336 849 440 890 „Noli
454 849 490 894 ¹¹)
516 848 605 882 vinci
629 863 647 883 a
673 850 778 891 malo,
799 851 859 884 sed
874 850 970 884 vince
983 851 1019 885 in
1033 852 1128 885 bono
1153 853 1315 886 malum.“

168 911 328 945 Vincitur
352 925 370 944 a
395 913 501 951 malo,
526 911 585 955 qui
609 911 706 944 malis
730 922 936 956 provocatus
961 912 1073 946 reddit
1097 915 1238 948 malum.
1273 914 1314 947 In

167 975 264 1006 bono
291 982 403 1006 autem
428 973 533 1005 vincit
555 974 695 1012 malum,
721 973 779 1017 qui
803 975 948 1019 acceptis
972 975 1067 1008 malis
1083 975 1226 1008 restituit
1248 977 1314 1009 bo-

171 1048 226 1068 na.
276 1034 418 1067 Certum
444 1042 490 1066 est
515 1035 624 1074 enim,
651 1034 739 1066 hanc
765 1046 834 1067 esse
853 1036 934 1068 mali
958 1046 1125 1078 naturam,
1148 1046 1186 1070 ut
1209 1050 1247 1070 ex
1270 1038 1315 1071 si—

168 1097 308 1130 milibus
337 1097 405 1130 suis
440 1105 602 1137 augeatur
641 1105 673 1128 et
704 1105 847 1130 crescat:
877 1097 1012 1143 sicut5)
1046 1098 1115 1139 igni
1145 1098 1172 1133 si
1202 1099 1316 1141 ignem

167 1158 303 1204 jungas3
333 1157 420 1191 sicut
450 1157 477 1191 si
509 1157 621 1190 noctis
657 1157 804 1192 tenebris
837 1159 923 1192 acris
961 1160 1121 1193 nubilum
1157 1161 1316 1198 societur.

168 1220 310 1253 Bonum
335 1232 415 1252 vcro
439 1218 466 1252 si
493 1219 664 1259 adhibeas,
690 1219 930 1253 exterminatur
953 1222 1093 1254 malum.
1134 1221 1316 1257 Contraria

168 1294 319 1326 namque
343 1280 521 1314 contrariis
544 1281 778 1325 perimuntur,
811 1281 896 1315 sicut
918 1295 981 1328 per
1004 1296 1128 1328 aquam
1151 1284 1235 1326 ignis
1260 1298 1316 1318 ex-

169 1344 363 1385 stinguitur,
396 1353 428 1376 et
458 1355 521 1387 per
544 1342 657 1375 lucem
681 1343 844 1377 tenebrae
865 1345 1034 1386 fugantur.
1083 1346 1153 1379 Sed
1175 1347 1318 1381 fortasse

171 1406 262 1438 dicat
286 1405 425 1449 aliquis,
461 1403 607 1436 Paulum
631 1417 695 1450 per
717 1404 922 1449 imperitiam
948 1406 1116 1441 sermonis
1140 1421 1159 1441 a
1182 1421 1316 1453 propo-

170 1466 234 1501 sito
261 1465 440 1498 decidisse:
472 1465 656 1510 proposuit
688 1464 778 1498 enim
811 1466 908 1511 loqui
940 1469 983 1500 de
1014 1467 1113 1502 (lonis
1126 1469 1162 1513 ⁰)
1195 1472 1317 1512 gratia-

171 1541 266 1567 rum,
305 1540 392 1571 quac
415 1538 477 1572 per
509 1526 676 1570 Spiritum
709 1535 865 1560 sanctum
904 1529 1037 1563 dantur.
1096 1528 1141 1563 Et
1177 1530 1316 1575 quidem

173 1590 269 1634 quod
294 1589 356 1621 ait:
389 1587 527 1633 „sive⁷)
559 1588 760 1634 prophetia,
794 1589 861 1621 sive
884 1589 1125 1632 ministerium,
1161 1591 1229 1626 sive
1253 1594 1316 1627 do-

173 1650 292 1692 ctrina,
314 1650 383 1683 sive
409 1650 646 1684 exhortatio;“
675 1659 816 1696 possunt
839 1651 922 1685 haec
946 1652 990 1685 ad
1015 1652 1107 1687 dona
1131 1653 1317 1700 spiritualia

269 1813 304 1858 ι>
329 1813 418 1847 Edd.
443 1811 599 1846 Merlini:
627 1813 670 1845 ad
694 1812 905 1859 adjutorium
930 1823 992 1847 etc.

267 1867 305 1912 ²)
330 1867 423 1900 Editi
455 1867 502 1913 (v.
532 1882 557 1902 c.
583 1869 658 1902 cdd.
686 1869 772 1912 M.)
803 1879 862 1910 „ut
896 1883 1022 1912 amens,
1045 1871 1159 1913 ferus,
1184 1881 1216 1906 et
1238 1873 1315 1906 ban-

175 1914 278 1948 barus
303 1913 470 1953 inimicus,
493 1912 540 1947 si“
565 1923 626 1947 etc.
653 1914 679 1946 R

268 1968 305 2013 ³)
330 1969 386 2001 Sic
411 1969 533 2003 rectius
568 1971 651 2004 Mse.
682 1970 761 2011 Reg.
795 1984 890 2004 num.
927 1972 1025 2007 1639.
1086 1972 1198 2006 Ceteri
1235 1986 1313 2007 vero

175 2014 256 2047 Mss.
284 2024 315 2046 et
339 2014 420 2046 editi
451 2014 499 2058 (v.
532 2028 559 2047 c.
595 2016 671 2048 edd.
703 2015 790 2060 M.:)
821 2030 908 2062 „pro
942 2017 1122 2052 commisso
1153 2019 1216 2064 (al.
1244 2029 1312 2064 pro

178 2059 404 2104 commissis)
430 2059 680 2093 conscientiae“
703 2070 764 2094 etc.
785 2060 813 2093 R

270 2115 308 2160 ⁴)
332 2115 433 2148 Rom.
457 2115 536 2156 ΧΠ,
559 2118 613 2152 21.

271 2171 308 2215 ⁵)
333 2171 423 2221 Alias
455 2171 503 2215 (v.
530 2185 557 2206 c.
579 2173 616 2205 in
647 2174 723 2206 edd.
755 2174 845 2220 Μ)
875 2175 983 2216 „sicut
1015 2175 1099 2217 ignis
1129 2176 1193 2220 (al,
1216 2174 1313 2220 igni)

177 2217 205 2252 si
229 2217 339 2259 ignem
363 2228 499 2262 jungas:
523 2217 609 2251 sicut
631 2218 741 2253 noctis
766 2222 926 2254 tenebrae
950 2221 976 2254 si
1001 2221 1106 2254 a&ris“
1132 2230 1190 2254 etc.
1217 2221 1246 2253 R

270 2273 306 2317 ⁶)
331 2272 420 2306 Edd.
444 2272 602 2307 Merlini:
623 2274 733 2309 bonis.
830 2278 864 2321 ⁷)
891 2277 960 2312 Cfr.
985 2276 1085 2311 Rom.
1110 2276 1195 2316 XII,
1228 2246 1258 2311 Gi
1282 2277 1309 2311 7.
