1320 2444
458 35 583 68 Romu
608 33 829 67 Panonmo.
1144 36 1212 70 459

81 128 232 162 tentione
261 134 417 172 perorata
446 134 538 159 sunt:
569 124 654 158 sicut
682 124 717 157 in
743 123 900 164 homiliis,
924 123 1041 168 sive¹)
1070 124 1208 170 inlora-

81 188 238 223 tiunculis
260 188 296 222 in
321 186 469 220 Genesin
494 195 527 219 et
549 185 584 219 in
607 185 765 218 Exodum
790 186 950 226 fecimus,
974 195 1006 219 et
1029 187 1211 231 praecipue

79 251 114 284 in
139 250 208 290 his,
239 262 327 295 quae
357 249 393 282 in
422 249 550 282 librum
573 246 708 279 Levitici
743 248 784 279 ab
808 247 868 280 illo
895 247 1032 292 quidem
1047 249 1084 293 ²)
1108 262 1210 294 pero-

80 312 179 346 randi
202 313 287 359 stylo
312 310 457 355 dicta‚3)
482 323 500 343 a
524 307 623 342 nobis
647 322 727 341 vero
753 309 956 352 explanandi
969 309 1080 354 specie
1103 319 1210 345 trans-

81 375 147 407 lata
169 383 256 407 sunt.
305 373 418 417 Quem
448 372 603 405 laborem
634 370 844 415 adimplendi
877 384 964 415 quae
995 373 1136 406 deerant
1157 372 1209 406 id-

83 435 174 469 circo
187 434 406 480 suscepimus,
429 447 471 467 ne
490 434 640 478 pulsatae
665 433 877 477 quaestiones
901 442 933 466 et
949 433 1092 474 relictae,
1116 435 1212 478 quod

82 497 117 529 in
147 496 357 529 homiliatico
392 495 527 529 dicendi
564 506 683 537 genere
716 495 757 526 ab
788 495 848 527 illo
878 507 978 540 saepe
1010 495 1083 528 fieri
1116 497 1213 536 solet,

80 557 187 591 latino
211 559 332 592 lectori
354 557 524 590 fastidium
549 565 755 597 generarent.
790 556 879 588 Nam
903 556 972 597 illa,
995 570 1081 601 quae
1104 557 1139 590 in
1154 558 1212 591 Je-

81 633 157 654 sum
180 619 283 659 Nave,
308 628 340 652 et
362 619 396 652 in
412 618 574 651 Judicum
598 616 783 661 librum,⁴)
809 617 889 650 etin
913 618 1118 658 trigesimum
1141 633 1214 652 sex-

82 691 166 721 tum,
191 691 223 714 et
245 681 281 714 in
305 680 511 723 trigesimum
535 679 735 724 septimum,
770 688 801 711 et
825 679 1030 720 trigesimum
1056 691 1212 715 octavum

81 742 254 782 Psalmum
277 741 487 786 scripsimus,
519 740 763 785 simpliciter⁵)
785 749 824 772 ut
846 740 1050 781 invenimus,
1086 751 1118 775 et
1141 757 1212 776 nou

82 804 189 837 multo
218 817 296 837 cum
320 804 440 836 labore
462 802 701 836 transtulimus.
749 802 912 846 Quamvis
936 815 1014 844 ergo
1041 813 1072 836 et
1100 803 1135 837 in
1159 818 1214 838 cc-

81 865 174 905 teris,
191 878 276 910 quae
299 877 402 909 supra
426 863 578 904 diximus,
601 864 796 897 laboratum
811 864 912 898 nobis
935 865 976 897 sit
992 864 1026 897 in
1050 867 1215 910 supplen-

84 928 134 961 dis
158 927 219 966 bis,
244 939 329 970 quae
354 926 530 958 omiserat:
560 924 597 957 in
623 926 690 958 hoc
715 935 828 958 tamen
854 938 960 970 opere
987 927 1148 970 epistolae
1171 929 1214 961 ad

83 989 259 1022 Romanos
282 1000 347 1032 pro
373 987 423 1020 his
447 986 563 1026 causis,
589 1000 670 1031 (pras
694 985 728 1019 in
753 987 964 1031 praefatione
989 989 1216 1033 comprehen-

84 1050 204 1089 dimus,
227 1049 408 1082 immensus
431 1049 531 1081 nobis
555 1058 586 1081 et
609 1048 894 1092 inextri‹rabilis⁶)
925 1049 1082 1082 incubuit
1105 1052 1215 1085 labor.

84 1113 153 1145 Sed
179 1110 355 1144 delectavit
384 1110 561 1144 indulsisse
591 1109 784 1143 laboribus:
814 1110 841 1143 si
865 1112 973 1143 modo
998 1125 1086 1152 non,
1119 1100 1157 1146 u-.t
1179 1114 1214 1147 in

84 1172 154 1206 aliis
180 1172 306 1217 experti
333 1185 456 1210 sumus,
479 1171 666 1204 malevolae
689 1180 819 1204 mentes
842 1172 959 1213 vigiliis
982 1175 1105 1208 nostris
1131 1188 1214 1209 con-

82 1235 237 1268 tumelias
259 1234 412 1274 reddant,
435 1232 462 1265 si
485 1246 556 1266 non
580 1233 688 1266 studia
717 1234 1039 1275 obtrectationibus,
1064 1236 1143 1282 et7)
1167 1238 1215 1271 la-

84 1298 185 1330 bores
215 1304 476 1328 remunerentur
505 1294 642 1327 insidiis.
705 1295 840 1328 Novum
878 1296 1005 1341 quippe
1036 1301 1127 1343 apud
1160 1313 1217 1334 eos

85 1358 205 1402 culpae
229 1370 331 1399 genus
355 1356 516 1390 subimus.
568 1356 674 1402 Aiunt
706 1358 794 1389 enirn
828 1356 930 1389 mihi:
966 1358 1001 1391 in
1026 1359 1094 1400 his,
1130 1375 1217 1406 quac

83 1418 216 1459 scribis,
253 1418 416 1462 qnoniam
449 1418 596 1463 plurima
621 1418 654 1450 in
679 1418 716 1451 iis
741 1419 789 1452 tui
817 1419 928 1463 operis
952 1419 1139 1462 habentur,
1174 1425 1215 1457 da

84 1481 219 1514 titulum
251 1480 398 1513 nominis
430 1481 497 1519 tui,
538 1480 616 1525 οἰδ)
647 1481 772 1513 scribe:
805 1480 939 1521 Rufini,
978 1483 1070 1516 verbi
1103 1485 1218 1526 gratia,

181 1612 216 1655 ¹)
239 1612 319 1645 Mss.
349 1613 436 1645 duo:
461 1613 534 1653 „vel
563 1612 803 1646 oratiunculis“
829 1623 889 1647 etc.
914 1614 953 1647 R.

177 1668 214 1711 ²)
239 1668 319 1701 lVIss.
344 1670 412 1701 duo
440 1668 599 1701 omittunt
622 1668 814 1713 „quidem.“
838 1670 879 1703 R.

176 1723 316 1800 ³2)Il?'1ss.
341 1726 410 1758 duo
435 1725 561 1758 habent
586 1739 663 1758 cum
690 1725 784 1759 editis
809 1725 856 1771 (e.
882 1740 907 1759 c.
934 1728 1010 1760 edd.
1034 1729 1119 1774 M.):
1144 1732 1216 1771 „di-

88 1773 202 1803 ctata.‘
261 1795 267 1802 .

178 1825 215 1868 4)
242 1824 418 1858 Omittitur
447 1826 480 1858 in
515 1827 672 1860 omnibus
704 1827 783 1860 Blss.
807 1828 945 1869 nostris,
973 1831 1032 1863 sed
1059 1841 1159 1866 exstat
1182 1835 1216 1868 in

88 1869 182 1904 editis
207 1870 254 1915 (v.
280 1884 308 1902 c.
333 1871 407 1903 edd.
433 1871 516 1916 M.):
542 1873 719 1912 ‚,librum.“
746 1873 783 1905 R.

181 1925 216 1969 ⁵)
241 1925 333 1960 Editi
358 1926 405 1970 (v.
431 1941 458 1961 c.
486 1929 562 1961 edd.
587 1928 670 1971 Ma)
701 1929 916 1974 ²,simpliciter
939 1933 1159 1974 expressimus
1184 1945 1219 1968 ut

87 1971 306 2004 invenimus.“
362 1971 430 2004 Sed
456 1986 574 2006 ornnes
597 1973 676 2007 Mss.
701 1975 861 2009 omittunt
882 1977 1153 2020 „expressimus.“
1180 1980 1218 2014 R.

180 2026 216 2070 ⁶)
240 2025 333 2059 Editi
358 2027 408 2071 (v.
434 2041 461 2061 c.
486 2029 560 2062 edd.
586 2029 671 2073 M.>:
697 2032 997 2071 „inaestimabilisf‘
1025 2033 1062 2066 R.

89 2083 218 2161 Sidiisz‘)
235 2082 325 2158 ‘glsc-
352 2083 431 2127 Reg.
454 2099 546 2119 num.
570 2086 664 2121 1639.
681 2097 734 2126 „ct
756 2089 908 2122 laborem
927 2102 1143 2125 remunerent
1166 2095 1216 2128 in-

181 2182 218 2226 5)
244 2182 300 2215 Sic
327 2196 443 2217 omnes
465 2184 543 2219 Mss.
590 2187 682 2220 Editi
717 2201 796 2222 vero
822 2190 870 2233 (v.
897 2203 924 2222 c.
951 2191 1026 2225 cdd.
1051 2192 1137 2238 M):
1167 2204 1219 2235 „et

91 2227 216 2262 scribe:
242 2227 453 2276 Hieronymi,
478 2232 590 2266 verbi“
615 2241 673 2266 etc.
701 2233 738 2265 li.
