<?xml version="1.0" encoding="UTF-8"?>
<!DOCTYPE html PUBLIC "-//W3C//DTD XHTML 1.0 Transitional//EN"
    "http://www.w3.org/TR/xhtml1/DTD/xhtml1-transitional.dtd">
<html xmlns="http://www.w3.org/1999/xhtml" xml:lang="en" lang="en">
 <head>
  <title>
</title>
<meta http-equiv="Content-Type" content="text/html;charset=utf-8" />
  <meta name='ocr-system' content='tesseract 3.04.00' />
  <meta name='ocr-capabilities' content='ocr_page ocr_carea ocr_par ocr_line ocrx_word'/>
</head>
<body>
  <div class='ocr_page' id='page_1' title='image "./operaomniaquaegr07orig/operaomniaquaegr07orig_0434.png"; bbox 0 0 1320 2444; ppageno 0'>
   <div class='ocr_carea' id='block_1_1' title="bbox 128 63 1002 102">
    <p class='ocr_par' dir='ltr' id='par_1_1' title="bbox 128 63 1002 102">
     <span class='ocr_line' id='line_1_1' title="bbox 128 63 1002 102; baseline 0.005 -4"><span class='ocrx_word' id='word_1_1' title='bbox 128 64 196 99; x_wconf 78' lang='grc'>416</span> <span class='ocrx_word' id='word_1_2' title='bbox 401 63 579 98; x_wconf 73' lang='lat' dir='ltr'>Omcnms</span> <span class='ocrx_word' id='word_1_3' title='bbox 601 73 639 99; x_wconf 78' lang='lat' dir='ltr'>m</span> <span class='ocrx_word' id='word_1_4' title='bbox 663 63 727 100; x_wconf 72' lang='grc' dir='ltr'>ΕΡ.</span> <span class='ocrx_word' id='word_1_5' title='bbox 748 73 797 99; x_wconf 73' lang='lat' dir='ltr'>An</span> <span class='ocrx_word' id='word_1_6' title='bbox 823 65 1002 102; x_wconf 63' lang='lat' dir='ltr'>Rommos</span> 
     </span>
    </p>
   </div>
   <div class='ocr_carea' id='block_1_2' title="bbox 127 154 1273 1309">
    <p class='ocr_par' dir='ltr' id='par_1_2' title="bbox 127 154 1273 1309">
     <span class='ocr_line' id='line_1_2' title="bbox 129 154 1268 202; baseline 0.005 -15"><span class='ocrx_word' id='word_1_7' title='bbox 129 164 162 188; x_wconf 82' lang='lat' dir='ltr'>et</span> <span class='ocrx_word' id='word_1_8' title='bbox 184 167 246 199; x_wconf 86' lang='lat' dir='ltr'>per</span> <span class='ocrx_word' id='word_1_9' title='bbox 270 154 337 186; x_wconf 85' lang='lat' dir='ltr'>hoc</span> <span class='ocrx_word' id='word_1_10' title='bbox 362 155 515 199; x_wconf 81' lang='lat' dir='ltr'>quodam</span> <span class='ocrx_word' id='word_1_11' title='bbox 539 155 647 189; x_wconf 84' lang='lat' dir='ltr'>modo</span> <span class='ocrx_word' id='word_1_12' title='bbox 675 169 828 189; x_wconf 86' lang='lat' dir='ltr'>amorem</span> <span class='ocrx_word' id='word_1_13' title='bbox 853 156 1008 202; x_wconf 87' lang='lat' dir='ltr'>ipsorum</span> <span class='ocrx_word' id='word_1_14' title='bbox 1027 169 1102 199; x_wconf 80' lang='lat' dir='ltr'>erga</span> <span class='ocrx_word' id='word_1_15' title='bbox 1127 171 1162 191; x_wconf 88' lang='lat' dir='ltr'>se</span> <span class='ocrx_word' id='word_1_16' title='bbox 1184 159 1268 193; x_wconf 84' lang='lat' dir='ltr'>invi-</span> 
     </span>
     <span class='ocr_line' id='line_1_3' title="bbox 128 216 1269 263; baseline 0.004 -14"><span class='ocrx_word' id='word_1_17' title='bbox 128 227 176 250; x_wconf 76' lang='lat' dir='ltr'>tat</span> <span class='ocrx_word' id='word_1_18' title='bbox 201 226 232 250; x_wconf 86' lang='lat' dir='ltr'>et</span> <span class='ocrx_word' id='word_1_19' title='bbox 255 216 377 256; x_wconf 78' lang='lat' dir='ltr'>nutrit,</span> <span class='ocrx_word' id='word_1_20' title='bbox 409 227 446 250; x_wconf 88' lang='lat' dir='ltr'>ut</span> <span class='ocrx_word' id='word_1_21' title='bbox 461 216 495 261; x_wconf 84' lang='lat'>¹)</span> <span class='ocrx_word' id='word_1_22' title='bbox 526 217 553 250; x_wconf 84' lang='lat' dir='ltr'>si</span> <span class='ocrx_word' id='word_1_23' title='bbox 587 217 649 263; x_wconf 87' lang='lat' dir='ltr'>ipsi</span> <span class='ocrx_word' id='word_1_24' title='bbox 673 217 905 252; x_wconf 78' lang='lat' dir='ltr'>insatiabiliter</span> <span class='ocrx_word' id='word_1_25' title='bbox 929 231 1005 261; x_wconf 81' lang='lat' dir='ltr'>erga</span> <span class='ocrx_word' id='word_1_26' title='bbox 1037 220 1197 253; x_wconf 82' lang='lat' dir='ltr'>affectum</span> <span class='ocrx_word' id='word_1_27' title='bbox 1220 230 1269 254; x_wconf 81' lang='lat' dir='ltr'>te-</span> 
     </span>
     <span class='ocr_line' id='line_1_4' title="bbox 128 278 1269 326; baseline 0.003 -16"><span class='ocrx_word' id='word_1_28' title='bbox 128 288 275 311; x_wconf 84' lang='lat' dir='ltr'>ncantur</span> <span class='ocrx_word' id='word_1_29' title='bbox 299 278 466 323; x_wconf 75' lang='lat' dir='ltr'><strong>Apostoli,</strong></span> <span class='ocrx_word' id='word_1_30' title='bbox 491 279 599 312; x_wconf 75' lang='lat' dir='ltr'>sciant</span> <span class='ocrx_word' id='word_1_31' title='bbox 621 279 720 312; x_wconf 80' lang='lat' dir='ltr'>etiam</span> <span class='ocrx_word' id='word_1_32' title='bbox 745 279 856 324; x_wconf 87' lang='lat' dir='ltr'>ipsum</span> <span class='ocrx_word' id='word_1_33' title='bbox 881 280 917 313; x_wconf 91' lang='lat' dir='ltr'>id</span> <span class='ocrx_word' id='word_1_34' title='bbox 941 281 1068 315; x_wconf 80' lang='lat' dir='ltr'>habere</span> <span class='ocrx_word' id='word_1_35' title='bbox 1089 281 1269 326; x_wconf 78' lang='lat' dir='ltr'>propositi,</span> 
     </span>
     <span class='ocr_line' id='line_1_5' title="bbox 128 340 1268 387; baseline 0.003 -14"><span class='ocrx_word' id='word_1_36' title='bbox 128 354 199 373; x_wconf 84' lang='lat' dir='ltr'>non</span> <span class='ocrx_word' id='word_1_37' title='bbox 225 341 318 384; x_wconf 85' lang='lat' dir='ltr'>prius</span> <span class='ocrx_word' id='word_1_38' title='bbox 343 342 384 373; x_wconf 82' lang='lat' dir='ltr'>ab</span> <span class='ocrx_word' id='word_1_39' title='bbox 409 341 448 373; x_wconf 84' lang='lat' dir='ltr'>iis</span> <span class='ocrx_word' id='word_1_40' title='bbox 475 340 656 381; x_wconf 77' lang='lat' dir='ltr'><strong>discedere,</strong></span> <span class='ocrx_word' id='word_1_41' title='bbox 680 354 792 386; x_wconf 86' lang='lat' dir='ltr'>neque</span> <span class='ocrx_word' id='word_1_42' title='bbox 804 340 841 386; x_wconf 85' lang='lat'>²)</span> <span class='ocrx_word' id='word_1_43' title='bbox 867 343 935 375; x_wconf 84' lang='lat' dir='ltr'>aho</span> <span class='ocrx_word' id='word_1_44' title='bbox 959 342 1141 387; x_wconf 79' lang='lat' dir='ltr'>proficisci,</span> <span class='ocrx_word' id='word_1_45' title='bbox 1165 356 1268 387; x_wconf 84' lang='lat' dir='ltr'>quam</span> 
     </span>
     <span class='ocr_line' id='line_1_6' title="bbox 130 401 1270 447; baseline 0.003 -13"><span class='ocrx_word' id='word_1_46' title='bbox 130 402 275 435; x_wconf 75' lang='lat' dir='ltr'>raritatis</span> <span class='ocrx_word' id='word_1_47' title='bbox 298 403 453 446; x_wconf 87' lang='lat' dir='ltr'>ipsorum</span> <span class='ocrx_word' id='word_1_48' title='bbox 480 401 584 443; x_wconf 79' lang='lat' dir='ltr'>gratia</span> <span class='ocrx_word' id='word_1_49' title='bbox 616 403 819 446; x_wconf 80' lang='lat' dir='ltr'>perfruatur.</span> <span class='ocrx_word' id='word_1_50' title='bbox 874 403 988 447; x_wconf 78' lang='lat' dir='ltr'>Quam</span> <span class='ocrx_word' id='word_1_51' title='bbox 1012 413 1126 436; x_wconf 77' lang='lat' dir='ltr'>tamen</span> <span class='ocrx_word' id='word_1_52' title='bbox 1150 404 1270 437; x_wconf 83' lang='lat' dir='ltr'>carita-</span> 
     </span>
     <span class='ocr_line' id='line_1_7' title="bbox 128 463 1268 510; baseline 0.003 -14"><span class='ocrx_word' id='word_1_53' title='bbox 128 474 196 496; x_wconf 79' lang='lat' dir='ltr'>tem</span> <span class='ocrx_word' id='word_1_54' title='bbox 221 473 347 497; x_wconf 84' lang='lat' dir='ltr'>tantam</span> <span class='ocrx_word' id='word_1_55' title='bbox 371 463 554 508; x_wconf 80' lang='lat' dir='ltr'><strong>praesentit</strong></span> <span class='ocrx_word' id='word_1_56' title='bbox 576 464 741 504; x_wconf 78' lang='lat' dir='ltr'>suturam,</span> <span class='ocrx_word' id='word_1_57' title='bbox 772 465 827 498; x_wconf 86' lang='lat' dir='ltr'>cui</span> <span class='ocrx_word' id='word_1_58' title='bbox 850 478 912 498; x_wconf 90' lang='lat' dir='ltr'>nec</span> <span class='ocrx_word' id='word_1_59' title='bbox 946 465 1052 510; x_wconf 88' lang='lat' dir='ltr'>possit</span> <span class='ocrx_word' id='word_1_60' title='bbox 1076 478 1114 499; x_wconf 80' lang='lat' dir='ltr'>ex</span> <span class='ocrx_word' id='word_1_61' title='bbox 1136 466 1268 507; x_wconf 84' lang='lat' dir='ltr'>integro</span> 
     </span>
     <span class='ocr_line' id='line_1_8' title="bbox 127 524 1270 572; baseline 0.002 -13"><span class='ocrx_word' id='word_1_62' title='bbox 127 526 296 565; x_wconf 76' lang='lat' dir='ltr'>satisfieri,</span> <span class='ocrx_word' id='word_1_63' title='bbox 329 527 385 558; x_wconf 83' lang='lat' dir='ltr'>sed</span> <span class='ocrx_word' id='word_1_64' title='bbox 418 524 528 569; x_wconf 80' lang='lat' dir='ltr'>‚,ex³)</span> <span class='ocrx_word' id='word_1_65' title='bbox 555 530 687 570; x_wconf 80' lang='lat' dir='ltr'>parte,“</span> <span class='ocrx_word' id='word_1_66' title='bbox 719 525 839 570; x_wconf 86' lang='lat' dir='ltr'>inquit.</span> <span class='ocrx_word' id='word_1_67' title='bbox 888 526 1144 572; x_wconf 74' lang='lat' dir='ltr'>Praemonet4)</span> <span class='ocrx_word' id='word_1_68' title='bbox 1169 528 1270 567; x_wconf 87' lang='lat' dir='ltr'>enim,</span> 
     </span>
     <span class='ocr_line' id='line_1_9' title="bbox 132 587 1271 634; baseline 0.002 -14"><span class='ocrx_word' id='word_1_69' title='bbox 132 589 228 632; x_wconf 91' lang='lat' dir='ltr'>quod</span> <span class='ocrx_word' id='word_1_70' title='bbox 252 587 286 619; x_wconf 91' lang='lat' dir='ltr'>in</span> <span class='ocrx_word' id='word_1_71' title='bbox 313 587 473 619; x_wconf 82' lang='lat' dir='ltr'>omnibus</span> <span class='ocrx_word' id='word_1_72' title='bbox 502 587 752 628; x_wconf 76' lang='lat' dir='ltr'>evangelizandi</span> <span class='ocrx_word' id='word_1_73' title='bbox 774 588 951 622; x_wconf 70' lang='lat' dir='ltr'><strong>necessitas</strong></span> <span class='ocrx_word' id='word_1_74' title='bbox 975 591 1198 634; x_wconf 86' lang='lat' dir='ltr'>praeferenda</span> <span class='ocrx_word' id='word_1_75' title='bbox 1221 590 1271 623; x_wconf 89' lang='lat' dir='ltr'>sit.</span> 
     </span>
     <span class='ocr_line' id='line_1_10' title="bbox 129 649 1270 692; baseline 0.004 -12"><span class='ocrx_word' id='word_1_76' title='bbox 129 649 225 681; x_wconf 88' lang='lat' dir='ltr'>Bene</span> <span class='ocrx_word' id='word_1_77' title='bbox 249 657 360 682; x_wconf 80' lang='lat' dir='ltr'>autem</span> <span class='ocrx_word' id='word_1_78' title='bbox 387 649 448 688; x_wconf 88' lang='lat' dir='ltr'>his,</span> <span class='ocrx_word' id='word_1_79' title='bbox 472 661 557 692; x_wconf 91' lang='lat' dir='ltr'>quos</span> <span class='ocrx_word' id='word_1_80' title='bbox 574 649 731 681; x_wconf 88' lang='lat' dir='ltr'>nondum</span> <span class='ocrx_word' id='word_1_81' title='bbox 756 651 945 683; x_wconf 85' lang='lat' dir='ltr'>secundum</span> <span class='ocrx_word' id='word_1_82' title='bbox 972 664 1107 684; x_wconf 89' lang='lat' dir='ltr'>carnem</span> <span class='ocrx_word' id='word_1_83' title='bbox 1133 651 1270 691; x_wconf 80' lang='lat' dir='ltr'>viderat,</span> 
     </span>
     <span class='ocr_line' id='line_1_11' title="bbox 132 709 1270 758; baseline 0.002 -14"><span class='ocrx_word' id='word_1_84' title='bbox 132 721 162 744; x_wconf 86' lang='lat' dir='ltr'>et</span> <span class='ocrx_word' id='word_1_85' title='bbox 187 712 229 744; x_wconf 79' lang='lat' dir='ltr'>ad</span> <span class='ocrx_word' id='word_1_86' title='bbox 255 724 341 755; x_wconf 88' lang='lat' dir='ltr'>quos</span> <span class='ocrx_word' id='word_1_87' title='bbox 366 711 522 743; x_wconf 84' lang='lat' dir='ltr'>nondum</span> <span class='ocrx_word' id='word_1_88' title='bbox 546 709 632 754; x_wconf 54' lang='grc' dir='ltr'>ἰοῦ)</span> <span class='ocrx_word' id='word_1_89' title='bbox 659 724 806 754; x_wconf 81' lang='lat' dir='ltr'>corpore</span> <span class='ocrx_word' id='word_1_90' title='bbox 830 713 1021 753; x_wconf 77' lang='lat' dir='ltr'>advenerat,</span> <span class='ocrx_word' id='word_1_91' title='bbox 1045 713 1270 758; x_wconf 78' lang='lat' dir='ltr'><strong>praesentiam</strong></span> 
     </span>
     <span class='ocr_line' id='line_1_12' title="bbox 129 771 1273 817; baseline 0.002 -12"><span class='ocrx_word' id='word_1_92' title='bbox 129 774 181 806; x_wconf 79' lang='lat' dir='ltr'>sui</span> <span class='ocrx_word' id='word_1_93' title='bbox 213 782 244 805; x_wconf 88' lang='lat' dir='ltr'>et</span> <span class='ocrx_word' id='word_1_94' title='bbox 275 771 540 805; x_wconf 80' lang='lat' dir='ltr'>remorationem</span> <span class='ocrx_word' id='word_1_95' title='bbox 572 772 781 806; x_wconf 79' lang='lat' dir='ltr'>moderatius</span> <span class='ocrx_word' id='word_1_96' title='bbox 813 774 1006 817; x_wconf 83' lang='lat' dir='ltr'>pollicetur.</span> <span class='ocrx_word' id='word_1_97' title='bbox 1052 774 1273 808; x_wconf 71' lang='lat' dir='ltr'>Desiderabi-</span> 
     </span>
     <span class='ocr_line' id='line_1_13' title="bbox 129 833 1270 878; baseline 0.002 -11"><span class='ocrx_word' id='word_1_98' title='bbox 129 835 192 868; x_wconf 82' lang='lat' dir='ltr'>lius</span> <span class='ocrx_word' id='word_1_99' title='bbox 219 834 308 866; x_wconf 88' lang='lat' dir='ltr'>enim</span> <span class='ocrx_word' id='word_1_100' title='bbox 333 833 532 878; x_wconf 85' lang='lat' dir='ltr'>suscipimus</span> <span class='ocrx_word' id='word_1_101' title='bbox 546 835 648 873; x_wconf 76' lang='lat' dir='ltr'>bona,</span> <span class='ocrx_word' id='word_1_102' title='bbox 674 847 760 878; x_wconf 81' lang='lat' dir='ltr'>quae</span> <span class='ocrx_word' id='word_1_103' title='bbox 776 835 841 868; x_wconf 86' lang='lat' dir='ltr'>cito</span> <span class='ocrx_word' id='word_1_104' title='bbox 866 837 1047 870; x_wconf 84' lang='lat' dir='ltr'>metuimus</span> <span class='ocrx_word' id='word_1_105' title='bbox 1069 837 1270 869; x_wconf 81' lang='lat' dir='ltr'>auferenda:</span> 
     </span>
     <span class='ocr_line' id='line_1_14' title="bbox 129 895 1271 939; baseline 0.001 -9"><span class='ocrx_word' id='word_1_106' title='bbox 129 895 329 938; x_wconf 69' lang='lat' dir='ltr'>securiusfi)</span> <span class='ocrx_word' id='word_1_107' title='bbox 352 908 433 927; x_wconf 81' lang='lat' dir='ltr'>vero</span> <span class='ocrx_word' id='word_1_108' title='bbox 459 895 676 936; x_wconf 82' lang='lat' dir='ltr'>negligimus,</span> <span class='ocrx_word' id='word_1_109' title='bbox 715 896 811 939; x_wconf 84' lang='lat' dir='ltr'>quod</span> <span class='ocrx_word' id='word_1_110' title='bbox 841 907 1032 930; x_wconf 81' lang='lat' dir='ltr'>retenturos</span> <span class='ocrx_word' id='word_1_111' title='bbox 1059 911 1122 931; x_wconf 89' lang='lat' dir='ltr'>nos</span> <span class='ocrx_word' id='word_1_112' title='bbox 1147 898 1271 931; x_wconf 82' lang='lat' dir='ltr'>diutius</span> 
     </span>
     <span class='ocr_line' id='line_1_15' title="bbox 130 957 1273 998; baseline 0.001 -7"><span class='ocrx_word' id='word_1_113' title='bbox 130 959 309 991; x_wconf 82' lang='lat' dir='ltr'>credimus.</span> <span class='ocrx_word' id='word_1_114' title='bbox 356 957 395 988; x_wconf 86' lang='lat' dir='ltr'>In</span> <span class='ocrx_word' id='word_1_115' title='bbox 430 965 561 989; x_wconf 80' lang='lat' dir='ltr'>tantum</span> <span class='ocrx_word' id='word_1_116' title='bbox 593 965 706 989; x_wconf 83' lang='lat' dir='ltr'>autem</span> <span class='ocrx_word' id='word_1_117' title='bbox 740 969 817 998; x_wconf 83' lang='lat' dir='ltr'>erga</span> <span class='ocrx_word' id='word_1_118' title='bbox 847 970 881 990; x_wconf 88' lang='lat' dir='ltr'>se</span> <span class='ocrx_word' id='word_1_119' title='bbox 905 958 1143 992; x_wconf 84' lang='lat' dir='ltr'>Romanorum</span> <span class='ocrx_word' id='word_1_120' title='bbox 1167 959 1273 992; x_wconf 83' lang='lat' dir='ltr'>nutrit</span> 
     </span>
     <span class='ocr_line' id='line_1_16' title="bbox 131 1017 1270 1065; baseline 0.002 -13"><span class='ocrx_word' id='word_1_121' title='bbox 131 1021 309 1058; x_wconf 80' lang='lat' dir='ltr'>affectum,</span> <span class='ocrx_word' id='word_1_122' title='bbox 350 1017 429 1060; x_wconf 82' lang='lat' dir='ltr'>ct⁷)</span> <span class='ocrx_word' id='word_1_123' title='bbox 462 1018 728 1051; x_wconf 78' lang='lat' dir='ltr'>remorationem</span> <span class='ocrx_word' id='word_1_124' title='bbox 762 1032 858 1052; x_wconf 83' lang='lat' dir='ltr'>suam</span> <span class='ocrx_word' id='word_1_125' title='bbox 889 1019 926 1052; x_wconf 90' lang='lat' dir='ltr'>in</span> <span class='ocrx_word' id='word_1_126' title='bbox 949 1021 1103 1065; x_wconf 87' lang='lat' dir='ltr'>ipsorum</span> <span class='ocrx_word' id='word_1_127' title='bbox 1129 1020 1270 1054; x_wconf 77' lang='lat' dir='ltr'>arbitrio</span> 
     </span>
     <span class='ocr_line' id='line_1_17' title="bbox 132 1079 1271 1127; baseline 0.001 -13"><span class='ocrx_word' id='word_1_128' title='bbox 132 1082 291 1120; x_wconf 81' lang='lat' dir='ltr'>collocat,</span> <span class='ocrx_word' id='word_1_129' title='bbox 315 1089 352 1112; x_wconf 87' lang='lat' dir='ltr'>ut</span> <span class='ocrx_word' id='word_1_130' title='bbox 378 1080 467 1112; x_wconf 78' lang='lat' dir='ltr'>dicat</span> <span class='ocrx_word' id='word_1_131' title='bbox 488 1092 523 1112; x_wconf 85' lang='lat' dir='ltr'>se</span> <span class='ocrx_word' id='word_1_132' title='bbox 549 1080 591 1112; x_wconf 82' lang='lat' dir='ltr'>ab</span> <span class='ocrx_word' id='word_1_133' title='bbox 615 1079 693 1125; x_wconf 86' lang='lat' dir='ltr'>ipsis</span> <span class='ocrx_word' id='word_1_134' title='bbox 719 1081 961 1114; x_wconf 82' lang='lat' dir='ltr'>deducendum</span> <span class='ocrx_word' id='word_1_135' title='bbox 993 1083 1036 1115; x_wconf 83' lang='lat' dir='ltr'>ad</span> <span class='ocrx_word' id='word_1_136' title='bbox 1060 1081 1271 1127; x_wconf 82' lang='lat' dir='ltr'>Hispaniam,</span> 
     </span>
     <span class='ocr_line' id='line_1_18' title="bbox 132 1141 1271 1187; baseline 0 -11"><span class='ocrx_word' id='word_1_137' title='bbox 132 1152 165 1176; x_wconf 84' lang='lat' dir='ltr'>et</span> <span class='ocrx_word' id='word_1_138' title='bbox 183 1152 264 1175; x_wconf 87' lang='lat' dir='ltr'>tunc</span> <span class='ocrx_word' id='word_1_139' title='bbox 282 1141 534 1182; x_wconf 79' lang='lat' dir='ltr'>deducendum,</span> <span class='ocrx_word' id='word_1_140' title='bbox 553 1155 629 1174; x_wconf 90' lang='lat' dir='ltr'>cum</span> <span class='ocrx_word' id='word_1_141' title='bbox 646 1142 725 1187; x_wconf 85' lang='lat' dir='ltr'>ipsis</span> <span class='ocrx_word' id='word_1_142' title='bbox 742 1143 836 1187; x_wconf 86' lang='lat' dir='ltr'>prius</span> <span class='ocrx_word' id='word_1_143' title='bbox 861 1142 896 1176; x_wconf 88' lang='lat' dir='ltr'>in</span> <span class='ocrx_word' id='word_1_144' title='bbox 923 1157 1039 1177; x_wconf 88' lang='lat' dir='ltr'>amore</span> <span class='ocrx_word' id='word_1_145' title='bbox 1061 1144 1271 1178; x_wconf 79' lang='lat' dir='ltr'>satisfecerit:</span> 
     </span>
     <span class='ocr_line' id='line_1_19' title="bbox 130 1203 1272 1249; baseline 0.002 -12"><span class='ocrx_word' id='word_1_146' title='bbox 130 1205 166 1239; x_wconf 85' lang='lat' dir='ltr'>in</span> <span class='ocrx_word' id='word_1_147' title='bbox 192 1216 261 1249; x_wconf 87' lang='lat' dir='ltr'>quo</span> <span class='ocrx_word' id='word_1_148' title='bbox 286 1203 403 1248; x_wconf 86' lang='lat' dir='ltr'>utique</span> <span class='ocrx_word' id='word_1_149' title='bbox 427 1203 454 1236; x_wconf 89' lang='lat' dir='ltr'>si</span> <span class='ocrx_word' id='word_1_150' title='bbox 477 1203 718 1248; x_wconf 83' lang='lat' dir='ltr'>propensiores</span> <span class='ocrx_word' id='word_1_151' title='bbox 744 1203 940 1249; x_wconf 81' lang='lat' dir='ltr'>exstiterint,</span> <span class='ocrx_word' id='word_1_152' title='bbox 968 1206 1172 1239; x_wconf 82' lang='lat' dir='ltr'>demorandi</span> <span class='ocrx_word' id='word_1_153' title='bbox 1197 1206 1272 1239; x_wconf 88' lang='lat' dir='ltr'>diu-</span> 
     </span>
     <span class='ocr_line' id='line_1_20' title="bbox 130 1264 780 1309; baseline -0.002 -10"><span class='ocrx_word' id='word_1_154' title='bbox 130 1266 196 1299; x_wconf 83' lang='lat' dir='ltr'>tius</span> <span class='ocrx_word' id='word_1_155' title='bbox 219 1278 334 1298; x_wconf 79' lang='lat' dir='ltr'>causas</span> <span class='ocrx_word' id='word_1_156' title='bbox 358 1264 420 1309; x_wconf 86' lang='lat' dir='ltr'>ipsi</span> <span class='ocrx_word' id='word_1_157' title='bbox 445 1266 613 1309; x_wconf 86' lang='lat' dir='ltr'>Apostolo</span> <span class='ocrx_word' id='word_1_158' title='bbox 640 1266 780 1299; x_wconf 83' lang='lat' dir='ltr'>dabunt.</span> 
     </span>
    </p>
   </div>
   <div class='ocr_carea' id='block_1_3' title="bbox 221 1327 1273 1372">
    <p class='ocr_par' dir='ltr' id='par_1_3' title="bbox 221 1327 1273 1372">
     <span class='ocr_line' id='line_1_21' title="bbox 221 1327 1273 1372; baseline 0.001 -11"><span class='ocrx_word' id='word_1_159' title='bbox 221 1328 275 1362; x_wconf 83' lang='grc'>14.</span> <span class='ocrx_word' id='word_1_160' title='bbox 300 1327 421 1366; x_wconf 84' lang='lat' dir='ltr'>„Nunc</span> <span class='ocrx_word' id='word_1_161' title='bbox 434 1327 470 1370; x_wconf 71' lang='grc' dir='ltr'>Β)</span> <span class='ocrx_word' id='word_1_162' title='bbox 494 1339 574 1359; x_wconf 78' lang='lat' dir='ltr'>vero</span> <span class='ocrx_word' id='word_1_163' title='bbox 599 1327 798 1372; x_wconf 78' lang='lat' dir='ltr'>proficiscar</span> <span class='ocrx_word' id='word_1_164' title='bbox 820 1327 857 1361; x_wconf 87' lang='lat' dir='ltr'>in</span> <span class='ocrx_word' id='word_1_165' title='bbox 870 1329 1059 1362; x_wconf 85' lang='lat' dir='ltr'>Jerusalem</span> <span class='ocrx_word' id='word_1_166' title='bbox 1083 1328 1273 1363; x_wconf 81' lang='lat' dir='ltr'>ministrare</span> 
     </span>
    </p>
   </div>
   <div class='ocr_carea' id='block_1_4' title="bbox 131 1459 1272 1595">
    <p class='ocr_par' dir='ltr' id='par_1_4' title="bbox 131 1459 1272 1595">
     <span class='ocr_line' id='line_1_22' title="bbox 229 1459 1271 1506; baseline 0.005 -15"><span class='ocrx_word' id='word_1_167' title='bbox 229 1460 263 1504; x_wconf 69' lang='grc' dir='ltr'>Ι)</span> <span class='ocrx_word' id='word_1_168' title='bbox 288 1459 372 1493; x_wconf 67' lang='lat' dir='ltr'>BTsc.</span> <span class='ocrx_word' id='word_1_169' title='bbox 409 1459 490 1501; x_wconf 85' lang='lat' dir='ltr'>Reg.</span> <span class='ocrx_word' id='word_1_170' title='bbox 521 1474 615 1493; x_wconf 88' lang='lat' dir='ltr'>num.</span> <span class='ocrx_word' id='word_1_171' title='bbox 650 1460 747 1495; x_wconf 83' lang='lat'><strong>1639.</strong></span> <span class='ocrx_word' id='word_1_172' title='bbox 780 1470 839 1501; x_wconf 87' lang='lat' dir='ltr'>„ut</span> <span class='ocrx_word' id='word_1_173' title='bbox 869 1461 935 1494; x_wconf 87' lang='lat' dir='ltr'>sint</span> <span class='ocrx_word' id='word_1_174' title='bbox 967 1461 1029 1506; x_wconf 88' lang='lat' dir='ltr'>ipsi</span> <span class='ocrx_word' id='word_1_175' title='bbox 1067 1461 1271 1496; x_wconf 80' lang='lat' dir='ltr'>insatiabiles</span> 
     </span>
     <span class='ocr_line' id='line_1_23' title="bbox 133 1504 1272 1550; baseline 0.002 -12"><span class='ocrx_word' id='word_1_176' title='bbox 133 1518 210 1547; x_wconf 83' lang='lat' dir='ltr'>erga</span> <span class='ocrx_word' id='word_1_177' title='bbox 236 1504 398 1538; x_wconf 80' lang='lat' dir='ltr'>affectum</span> <span class='ocrx_word' id='word_1_178' title='bbox 424 1506 592 1550; x_wconf 84' lang='lat' dir='ltr'>Apostoli,</span> <span class='ocrx_word' id='word_1_179' title='bbox 615 1506 743 1538; x_wconf 80' lang='lat' dir='ltr'>sciant“</span> <span class='ocrx_word' id='word_1_180' title='bbox 768 1515 828 1539; x_wconf 89' lang='lat' dir='ltr'>etc.</span> <span class='ocrx_word' id='word_1_181' title='bbox 870 1506 938 1539; x_wconf 87' lang='lat' dir='ltr'>Sed</span> <span class='ocrx_word' id='word_1_182' title='bbox 965 1507 1065 1539; x_wconf 87' lang='lat' dir='ltr'>ceteri</span> <span class='ocrx_word' id='word_1_183' title='bbox 1088 1507 1179 1546; x_wconf 86' lang='lat' dir='ltr'>Mss.,</span> <span class='ocrx_word' id='word_1_184' title='bbox 1204 1506 1272 1540; x_wconf 76' lang='lat' dir='ltr'>Ra-</span> 
     </span>
     <span class='ocr_line' id='line_1_24' title="bbox 131 1550 1039 1595; baseline 0.001 -11"><span class='ocrx_word' id='word_1_185' title='bbox 131 1553 250 1590; x_wconf 78' lang='lat' dir='ltr'>banus,</span> <span class='ocrx_word' id='word_1_186' title='bbox 276 1560 307 1583; x_wconf 89' lang='lat' dir='ltr'>et</span> <span class='ocrx_word' id='word_1_187' title='bbox 331 1550 412 1583; x_wconf 82' lang='lat' dir='ltr'>editi</span> <span class='ocrx_word' id='word_1_188' title='bbox 437 1550 484 1595; x_wconf 76' lang='lat' dir='ltr'>(v.</span> <span class='ocrx_word' id='word_1_189' title='bbox 511 1563 538 1583; x_wconf 91' lang='lat' dir='ltr'>c.</span> <span class='ocrx_word' id='word_1_190' title='bbox 565 1551 641 1583; x_wconf 83' lang='lat' dir='ltr'>edd.</span> <span class='ocrx_word' id='word_1_191' title='bbox 666 1551 734 1595; x_wconf 82' lang='lat' dir='ltr'>M.)</span> <span class='ocrx_word' id='word_1_192' title='bbox 755 1560 791 1583; x_wconf 87' lang='lat' dir='ltr'>ut</span> <span class='ocrx_word' id='word_1_193' title='bbox 814 1551 849 1583; x_wconf 81' lang='lat' dir='ltr'>in</span> <span class='ocrx_word' id='word_1_194' title='bbox 874 1561 974 1585; x_wconf 83' lang='lat' dir='ltr'>textu.</span> <span class='ocrx_word' id='word_1_195' title='bbox 998 1552 1039 1585; x_wconf 83' lang='lat' dir='ltr'>R.</span> 
     </span>
    </p>
   </div>
   <div class='ocr_carea' id='block_1_5' title="bbox 131 1605 1272 1741">
    <p class='ocr_par' dir='ltr' id='par_1_5' title="bbox 131 1605 1272 1741">
     <span class='ocr_line' id='line_1_25' title="bbox 228 1605 1272 1652; baseline 0.004 -15"><span class='ocrx_word' id='word_1_196' title='bbox 228 1606 265 1650; x_wconf 86' lang='lat'>²)</span> <span class='ocrx_word' id='word_1_197' title='bbox 289 1607 338 1638; x_wconf 84' lang='lat' dir='ltr'>Ita</span> <span class='ocrx_word' id='word_1_198' title='bbox 364 1605 443 1638; x_wconf 87' lang='lat' dir='ltr'>editi</span> <span class='ocrx_word' id='word_1_199' title='bbox 467 1606 514 1650; x_wconf 83' lang='lat' dir='ltr'>(e.</span> <span class='ocrx_word' id='word_1_200' title='bbox 541 1619 567 1638; x_wconf 89' lang='lat' dir='ltr'>c.</span> <span class='ocrx_word' id='word_1_201' title='bbox 593 1608 670 1639; x_wconf 82' lang='lat' dir='ltr'>cdd.</span> <span class='ocrx_word' id='word_1_202' title='bbox 693 1605 782 1651; x_wconf 80' lang='lat' dir='ltr'>M.),</span> <span class='ocrx_word' id='word_1_203' title='bbox 815 1616 846 1640; x_wconf 90' lang='lat' dir='ltr'>et</span> <span class='ocrx_word' id='word_1_204' title='bbox 878 1608 1034 1652; x_wconf 88' lang='lat' dir='ltr'>plerique</span> <span class='ocrx_word' id='word_1_205' title='bbox 1058 1607 1137 1641; x_wconf 84' lang='lat' dir='ltr'>Mss.</span> <span class='ocrx_word' id='word_1_206' title='bbox 1183 1609 1272 1643; x_wconf 89' lang='lat' dir='ltr'>Msc.</span> 
     </span>
     <span class='ocr_line' id='line_1_26' title="bbox 131 1652 1271 1699; baseline 0.001 -14"><span class='ocrx_word' id='word_1_207' title='bbox 131 1666 212 1685; x_wconf 80' lang='lat' dir='ltr'>vero</span> <span class='ocrx_word' id='word_1_208' title='bbox 238 1652 318 1693; x_wconf 80' lang='lat' dir='ltr'>Reg.</span> <span class='ocrx_word' id='word_1_209' title='bbox 342 1664 436 1683; x_wconf 87' lang='lat' dir='ltr'>num.</span> <span class='ocrx_word' id='word_1_210' title='bbox 464 1652 560 1686; x_wconf 84' lang='lat'>1639.</span> <span class='ocrx_word' id='word_1_211' title='bbox 585 1664 719 1696; x_wconf 84' lang='lat' dir='ltr'>„neque</span> <span class='ocrx_word' id='word_1_212' title='bbox 743 1652 823 1686; x_wconf 71' lang='lat' dir='ltr'>alias</span> <span class='ocrx_word' id='word_1_213' title='bbox 848 1652 1045 1696; x_wconf 76' lang='lat' dir='ltr'>(Rabanus:</span> <span class='ocrx_word' id='word_1_214' title='bbox 1079 1665 1196 1699; x_wconf 82' lang='lat' dir='ltr'>neque</span> <span class='ocrx_word' id='word_1_215' title='bbox 1221 1652 1271 1687; x_wconf 84' lang='lat' dir='ltr'>ad</span> 
     </span>
     <span class='ocr_line' id='line_1_27' title="bbox 132 1695 621 1741; baseline -0.004 -10"><span class='ocrx_word' id='word_1_216' title='bbox 132 1697 253 1741; x_wconf 77' lang='lat' dir='ltr'>alios)</span> <span class='ocrx_word' id='word_1_217' title='bbox 276 1695 468 1741; x_wconf 79' lang='lat' dir='ltr'>proficisci“</span> <span class='ocrx_word' id='word_1_218' title='bbox 495 1706 555 1729; x_wconf 87' lang='lat' dir='ltr'>etc.</span> <span class='ocrx_word' id='word_1_219' title='bbox 581 1697 621 1730; x_wconf 84' lang='lat' dir='ltr'>R.</span> 
     </span>
    </p>
   </div>
   <div class='ocr_carea' id='block_1_6' title="bbox 224 1751 1270 1860">
    <p class='ocr_par' dir='ltr' id='par_1_6' title="bbox 224 1751 1270 1860">
     <span class='ocr_line' id='line_1_28' title="bbox 224 1751 664 1797; baseline 0.005 -12"><span class='ocrx_word' id='word_1_220' title='bbox 224 1754 261 1797; x_wconf 78' lang='grc'>3)</span> <span class='ocrx_word' id='word_1_221' title='bbox 287 1754 356 1788; x_wconf 83' lang='lat' dir='ltr'>Cfr.</span> <span class='ocrx_word' id='word_1_222' title='bbox 384 1751 485 1786; x_wconf 89' lang='lat' dir='ltr'>Rom.</span> <span class='ocrx_word' id='word_1_223' title='bbox 509 1753 585 1792; x_wconf 88' lang='lat' dir='ltr'>XV,</span> <span class='ocrx_word' id='word_1_224' title='bbox 609 1752 664 1787; x_wconf 79' lang='grc'>24.</span> 
     </span>
     <span class='ocr_line' id='line_1_29' title="bbox 226 1807 1270 1860; baseline 0.002 -19"><span class='ocrx_word' id='word_1_225' title='bbox 226 1807 262 1860; x_wconf 48' lang='lat' dir='ltr'>ff)</span> <span class='ocrx_word' id='word_1_226' title='bbox 290 1809 345 1841; x_wconf 88' lang='lat' dir='ltr'>Sic</span> <span class='ocrx_word' id='word_1_227' title='bbox 372 1807 451 1841; x_wconf 85' lang='lat' dir='ltr'>editi</span> <span class='ocrx_word' id='word_1_228' title='bbox 478 1809 525 1852; x_wconf 75' lang='grc' dir='ltr'>(ν.</span> <span class='ocrx_word' id='word_1_229' title='bbox 551 1821 579 1841; x_wconf 89' lang='lat' dir='ltr'>c.</span> <span class='ocrx_word' id='word_1_230' title='bbox 606 1810 682 1842; x_wconf 87' lang='lat' dir='ltr'>edd.</span> <span class='ocrx_word' id='word_1_231' title='bbox 707 1808 790 1853; x_wconf 80' lang='lat' dir='ltr'>M),</span> <span class='ocrx_word' id='word_1_232' title='bbox 814 1819 845 1842; x_wconf 90' lang='lat' dir='ltr'>et</span> <span class='ocrx_word' id='word_1_233' title='bbox 869 1809 1038 1843; x_wconf 83' lang='lat' dir='ltr'>Rabanus.</span> <span class='ocrx_word' id='word_1_234' title='bbox 1087 1810 1167 1844; x_wconf 84' lang='lat' dir='ltr'>Mss.</span> <span class='ocrx_word' id='word_1_235' title='bbox 1190 1823 1270 1843; x_wconf 75' lang='lat' dir='ltr'>vero</span> 
     </span>
    </p>
   </div>
   <div class='ocr_carea' id='block_1_7' title="bbox 132 1853 1268 1900">
    <p class='ocr_par' dir='ltr' id='par_1_7' title="bbox 132 1853 1268 1900">
     <span class='ocr_line' id='line_1_30' title="bbox 132 1853 1268 1900; baseline 0 -13"><span class='ocrx_word' id='word_1_236' title='bbox 132 1863 255 1893; x_wconf 80' lang='lat' dir='ltr'>nostri,</span> <span class='ocrx_word' id='word_1_237' title='bbox 286 1853 357 1885; x_wconf 81' lang='lat' dir='ltr'>alii:</span> <span class='ocrx_word' id='word_1_238' title='bbox 389 1853 650 1893; x_wconf 79' lang='lat' dir='ltr'>„P1·aemunit,“</span> <span class='ocrx_word' id='word_1_239' title='bbox 685 1854 762 1887; x_wconf 82' lang='lat' dir='ltr'>alii:</span> <span class='ocrx_word' id='word_1_240' title='bbox 793 1854 1021 1900; x_wconf 86' lang='lat' dir='ltr'>„Proponit.“</span> <span class='ocrx_word' id='word_1_241' title='bbox 1053 1855 1093 1889; x_wconf 82' lang='lat' dir='ltr'>R.</span> <span class='ocrx_word' id='word_1_242' title='bbox 1126 1875 1168 1881; x_wconf 92' lang='lat'>-——</span> <span class='ocrx_word' id='word_1_243' title='bbox 1200 1855 1268 1888; x_wconf 80' lang='lat' dir='ltr'>Csr.</span> 
     </span>
    </p>
   </div>
   <div class='ocr_carea' id='block_1_8' title="bbox 130 1899 1222 1998">
    <p class='ocr_par' dir='ltr' id='par_1_8' title="bbox 130 1899 1222 1998">
     <span class='ocr_line' id='line_1_31' title="bbox 130 1899 410 1937; baseline -0.011 -5"><span class='ocrx_word' id='word_1_244' title='bbox 130 1900 233 1932; x_wconf 74' lang='lat' dir='ltr'>Rom.</span> <span class='ocrx_word' id='word_1_245' title='bbox 258 1899 335 1937; x_wconf 86' lang='lat' dir='ltr'>XV,</span> <span class='ocrx_word' id='word_1_246' title='bbox 357 1899 410 1931; x_wconf 78' lang='lat'>⁶22.</span> 
     </span>
     <span class='ocr_line' id='line_1_32' title="bbox 227 1953 1222 1998; baseline 0.004 -13"><span class='ocrx_word' id='word_1_247' title='bbox 227 1954 262 1998; x_wconf 84' lang='lat'>⁵)</span> <span class='ocrx_word' id='word_1_248' title='bbox 286 1953 378 1986; x_wconf 83' lang='lat' dir='ltr'>Editi</span> <span class='ocrx_word' id='word_1_249' title='bbox 403 1953 450 1997; x_wconf 80' lang='lat' dir='ltr'>(v.</span> <span class='ocrx_word' id='word_1_250' title='bbox 476 1967 502 1986; x_wconf 92' lang='lat' dir='ltr'>c.</span> <span class='ocrx_word' id='word_1_251' title='bbox 529 1954 604 1987; x_wconf 84' lang='lat' dir='ltr'>edd.</span> <span class='ocrx_word' id='word_1_252' title='bbox 630 1954 715 1997; x_wconf 83' lang='lat' dir='ltr'>M.):</span> <span class='ocrx_word' id='word_1_253' title='bbox 741 1954 797 1994; x_wconf 91' lang='lat' dir='ltr'>„in</span> <span class='ocrx_word' id='word_1_254' title='bbox 824 1968 925 1988; x_wconf 86' lang='lat' dir='ltr'>carne</span> <span class='ocrx_word' id='word_1_255' title='bbox 949 1957 1159 1990; x_wconf 77' lang='lat' dir='ltr'>advenerat.“</span> <span class='ocrx_word' id='word_1_256' title='bbox 1184 1956 1222 1989; x_wconf 85' lang='lat' dir='ltr'>R.</span> 
     </span>
    </p>
   </div>
   <div class='ocr_carea' id='block_1_9' title="bbox 130 2009 1268 2142">
    <p class='ocr_par' dir='ltr' id='par_1_9' title="bbox 130 2009 1268 2142">
     <span class='ocr_line' id='line_1_33' title="bbox 225 2009 1268 2054; baseline 0.003 -12"><span class='ocrx_word' id='word_1_257' title='bbox 225 2010 262 2054; x_wconf 73' lang='lat'>⁴3)</span> <span class='ocrx_word' id='word_1_258' title='bbox 287 2009 379 2042; x_wconf 76' lang='lat' dir='ltr'>Editi</span> <span class='ocrx_word' id='word_1_259' title='bbox 403 2011 450 2054; x_wconf 85' lang='lat' dir='ltr'>(v.</span> <span class='ocrx_word' id='word_1_260' title='bbox 476 2024 502 2042; x_wconf 90' lang='lat' dir='ltr'>c.</span> <span class='ocrx_word' id='word_1_261' title='bbox 529 2011 605 2043; x_wconf 77' lang='lat' dir='ltr'>cdd.</span> <span class='ocrx_word' id='word_1_262' title='bbox 630 2009 715 2054; x_wconf 77' lang='lat' dir='ltr'><strong>M.):</strong></span> <span class='ocrx_word' id='word_1_263' title='bbox 747 2011 914 2051; x_wconf 87' lang='lat' dir='ltr'>„securius</span> <span class='ocrx_word' id='word_1_264' title='bbox 939 2025 1018 2045; x_wconf 86' lang='lat' dir='ltr'>vero</span> <span class='ocrx_word' id='word_1_265' title='bbox 1044 2022 1076 2045; x_wconf 87' lang='lat' dir='ltr'>et</span> <span class='ocrx_word' id='word_1_266' title='bbox 1099 2012 1268 2054; x_wconf 81' lang='lat' dir='ltr'>negligen-</span> 
     </span>
     <span class='ocr_line' id='line_1_34' title="bbox 130 2056 1266 2102; baseline 0.001 -13"><span class='ocrx_word' id='word_1_267' title='bbox 130 2056 195 2089; x_wconf 76' lang='lat' dir='ltr'>tius</span> <span class='ocrx_word' id='word_1_268' title='bbox 219 2057 314 2099; x_wconf 82' lang='lat' dir='ltr'>quod</span> <span class='ocrx_word' id='word_1_269' title='bbox 339 2059 550 2088; x_wconf 80' lang='lat' dir='ltr'>retenturos“</span> <span class='ocrx_word' id='word_1_270' title='bbox 576 2065 637 2088; x_wconf 85' lang='lat' dir='ltr'>etc.</span> <span class='ocrx_word' id='word_1_271' title='bbox 662 2056 740 2089; x_wconf 84' lang='lat' dir='ltr'>Mss.</span> <span class='ocrx_word' id='word_1_272' title='bbox 764 2057 850 2089; x_wconf 85' lang='lat' dir='ltr'>duo:</span> <span class='ocrx_word' id='word_1_273' title='bbox 884 2063 1159 2098; x_wconf 83' lang='lat' dir='ltr'>„retentaturos,“</span> <span class='ocrx_word' id='word_1_274' title='bbox 1184 2071 1266 2102; x_wconf 84' lang='lat' dir='ltr'>pro:</span> 
     </span>
     <span class='ocr_line' id='line_1_35' title="bbox 133 2100 438 2142; baseline -0.003 -8"><span class='ocrx_word' id='word_1_275' title='bbox 133 2104 374 2142; x_wconf 80' lang='lat' dir='ltr'>„1·etenturos.“</span> <span class='ocrx_word' id='word_1_276' title='bbox 399 2100 438 2133; x_wconf 83' lang='lat' dir='ltr'>R.</span> 
     </span>
    </p>
   </div>
   <div class='ocr_carea' id='block_1_10' title="bbox 134 2155 1264 2236">
    <p class='ocr_par' dir='ltr' id='par_1_10' title="bbox 134 2155 1264 2236">
     <span class='ocr_line' id='line_1_36' title="bbox 226 2155 1264 2201; baseline 0.005 -15"><span class='ocrx_word' id='word_1_277' title='bbox 226 2156 261 2199; x_wconf 79' lang='lat'>⁷)</span> <span class='ocrx_word' id='word_1_278' title='bbox 287 2155 379 2189; x_wconf 78' lang='lat' dir='ltr'>Editi</span> <span class='ocrx_word' id='word_1_279' title='bbox 410 2155 455 2199; x_wconf 83' lang='lat' dir='ltr'>(e.</span> <span class='ocrx_word' id='word_1_280' title='bbox 482 2169 508 2189; x_wconf 93' lang='lat' dir='ltr'>c.</span> <span class='ocrx_word' id='word_1_281' title='bbox 535 2157 609 2189; x_wconf 84' lang='lat' dir='ltr'>edd.</span> <span class='ocrx_word' id='word_1_282' title='bbox 635 2156 719 2201; x_wconf 82' lang='lat' dir='ltr'><strong>M.):</strong></span> <span class='ocrx_word' id='word_1_283' title='bbox 756 2168 814 2200; x_wconf 89' lang='lat' dir='ltr'>„ut</span> <span class='ocrx_word' id='word_1_284' title='bbox 844 2159 1072 2194; x_wconf 68' lang='lat' dir='ltr'>metationem</span> <span class='ocrx_word' id='word_1_285' title='bbox 1104 2171 1198 2193; x_wconf 85' lang='lat' dir='ltr'>suam</span> <span class='ocrx_word' id='word_1_286' title='bbox 1224 2176 1264 2183; x_wconf 92' lang='lat'>-</span> 
     </span>
     <span class='ocr_line' id='line_1_37' title="bbox 134 2201 503 2236; baseline -0.011 0"><span class='ocrx_word' id='word_1_287' title='bbox 134 2202 313 2236; x_wconf 84' lang='lat' dir='ltr'>collocet.“</span> <span class='ocrx_word' id='word_1_288' title='bbox 339 2201 440 2233; x_wconf 79' lang='lat' dir='ltr'>Male.</span> <span class='ocrx_word' id='word_1_289' title='bbox 465 2201 503 2233; x_wconf 90' lang='lat' dir='ltr'>R.</span> 
     </span>
    </p>
   </div>
   <div class='ocr_carea' id='block_1_11' title="bbox 226 2256 670 2301">
    <p class='ocr_par' dir='ltr' id='par_1_11' title="bbox 226 2256 670 2301">
     <span class='ocr_line' id='line_1_38' title="bbox 226 2256 670 2301; baseline 0.007 -11"><span class='ocrx_word' id='word_1_290' title='bbox 226 2256 263 2301; x_wconf 64' lang='grc' dir='ltr'>Β)</span> <span class='ocrx_word' id='word_1_291' title='bbox 289 2257 387 2291; x_wconf 83' lang='lat' dir='ltr'>Rom.</span> <span class='ocrx_word' id='word_1_292' title='bbox 413 2257 491 2298; x_wconf 84' lang='lat' dir='ltr'>XV,</span> <span class='ocrx_word' id='word_1_293' title='bbox 513 2258 670 2293; x_wconf 79' lang='grc'>25-29,</span> 
     </span>
    </p>
   </div>
  </div>
 </body>
</html>
