1320 2444
385 60 738 95 Commnu'rmmnum
761 59 834 94 Lm.
857 60 901 95 X.
1139 61 1206 96 413

74 152 108 186 in
132 151 170 186 iis
194 151 294 184 verba
320 151 494 192 signorum
519 164 659 185 suorum
674 150 709 195 1)
743 159 774 184 et
797 150 1035 196 prodigiorum
1058 150 1094 184 in
1116 159 1205 184 terra

74 213 222 247 Cham:“
260 222 297 245 ut
328 213 414 246 filios
446 213 548 246 Israel
583 212 736 254 castigata
773 214 926 260 Aegypto
956 212 1204 257 liberarent22)

70 275 177 318 sed3)
201 275 251 307 illi
275 274 326 307 vix
351 287 534 319 rarumque
556 264 742 318 potuerunt
766 287 802 307 ex
825 273 1076 318 Aegyptiorum
1108 284 1207 316 gente

72 345 276 369 convertere.
324 335 449 368 Paulus
482 345 617 380 accepta
640 344 808 380 potestate
829 336 1003 377 signorum
1030 345 1061 369 et
1082 337 1203 381 prodi-

70 398 204 439 giorum
229 412 301 430 non
325 410 429 430 unam
454 407 596 438 gentem,
620 410 731 440 neque
744 395 779 440 4)
809 398 896 431 duos
921 407 978 431 aut
1000 407 1064 431 tres
1087 411 1202 442 popu-

70 459 132 498 los,
157 460 214 491 sed
240 473 357 492 omnes
382 460 424 491 ab
449 459 636 492 Jerusalem
660 471 767 502 usqne
791 460 832 492 ad
853 459 1024 505 Illyricum
1049 460 1204 492 nationes

70 518 156 562 ac5)
187 521 335 564 populos
367 519 618 564 praedicatione
652 520 762 559 verbi,
800 530 831 553 et
856 534 1000 565 operum
1024 521 1202 554 virtutum-

71 593 136 624 que
160 581 311 625 potentia
339 583 381 615 ad
408 581 531 614 Christi
555 590 763 614 sacramenta
777 581 812 624 6)
843 582 1017 616 convertit.
1064 583 1119 616 Sic
1144 596 1203 615 au-

67 651 135 675 tem
160 643 367 686 praedicavit
392 643 456 675 hoc
476 642 706 684 Evangelium,
730 652 767 675 ut
788 657 859 675 non
879 645 993 677 alienis
1016 644 1204 684 laboribus,

68 717 182 748 neque
212 705 340 737 alienae
372 704 618 748 praedicationi
650 704 917 737 additamentum
950 705 1001 738 sui
1036 708 1202 739 sermonis

67 765 237 804 insereret,
260 780 303 798 ne
328 767 369 798 ab
395 765 460 798 alio
485 765 600 810 positis
624 766 705 799 fidei
736 766 965 799 fundamentis
990 767 1061 812 ipse
1085 767 1202 801 aedifi-

70 826 158 859 cium
176 827 384 871 propriae7)
408 827 670 870 praedicationis
687 828 890 871 imponeret,
917 837 948 860 et
971 829 1071 862 alieni
1089 831 1202 874 operis

67 888 244 933 subripere
266 889 406 929 gloriam
431 889 611 921 videretur.
647 889 867 922 Observanda
886 890 969 922 haec
991 901 1069 923 sunt
1094 893 1202 924 eccle-

66 949 238 993 siarumss)
264 950 469 989 rectoribus,
502 959 532 982 et
563 949 713 990 diligenti
744 949 932 983 intentione
955 952 1136 992 servanda,
1163 963 1202 986 ut

66 1024 179 1054 neque
202 1012 298 1055 loqui
325 1011 452 1055 aliquid
478 1011 656 1043 videantur
671 1024 800 1050 eorum,
825 1025 911 1056 quae
931 1025 995 1056 per
1012 1012 1103 1057 ipsos
1128 1028 1201 1047 non

67 1072 217 1105 effecerit
241 1071 402 1111 Christus,
428 1085 540 1116 neque
553 1072 589 1116 9)
614 1072 741 1105 alienos
765 1073 899 1105 labores
921 1083 951 1106 et
964 1075 1073 1106 studia
1098 1076 1222 1108 dcco-¹-

65 1135 186 1167 lorent.
234 1134 402 1178 Loquitur
433 1143 544 1166 autem
577 1133 649 1178 quis
685 1147 741 1173 ea,
774 1146 860 1178 quae
891 1147 953 1179 per
976 1149 1009 1168 se
1032 1150 1104 1169 non
1128 1138 1201 1170 effi-

67 1195 110 1227 cit
127 1196 178 1237 ¹⁰)
205 1194 366 1235 Christus,
391 1195 458 1227 hoc
482 1196 608 1228 modo:
632 1195 659 1228 si
683 1196 844 1240 loquatur
867 1196 909 1229 de
936 1197 1144 1232 continentia
1168 1208 1200 1232 et

161 1297 195 1341 1)
220 1298 326 1330 Deest
349 1301 531 1336 „suorum“
556 1296 592 1328 in
617 1297 691 1329 edd.
717 1296 763 1329 Μ.

157 1352 194 1397 ²)
218 1354 282 1386 Ed.
307 1353 355 1386 M.
381 1353 429 1385 II:
454 1352 621 1385 liberaret.

158 1409 194 1453 ³)
218 1409 311 1442 Editi
336 1410 384 1453 (e.
410 1422 437 1441 c.
463 1409 538 1441 edd.
563 1407 649 1451 Μ.);
673 1409 752 1447 „sed
776 1408 825 1441 illi
849 1410 899 1443 vix
931 1423 1114 1456 rarumque
1138 1413 1197 1446 ali-

64 1467 164 1499 quem
192 1457 398 1498 potue1·u11t“
424 1462 484 1486 etc.
509 1453 593 1486 Msc.
619 1452 698 1494 Reg.
723 1467 818 1486 num.
843 1455 940 1489 1639.
971 1457 1049 1497 „sed
1074 1457 1122 1489 illi
1146 1458 1197 1490 vix

63 1513 180 1532 rarum
205 1512 375 1543 quemque
396 1503 603 1543 potuerunt“
627 1508 687 1530 etc.
737 1498 848 1532 Ceteri
871 1500 950 1534 Mss.
982 1511 1013 1533 et
1037 1502 1197 1536 Rabanus

63 1554 99 1577 ut
122 1546 156 1577 in
182 1553 281 1576 textu.
307 1544 335 1575 R

152 1599 193 1676 ἑ)
217 1599 309 1632 Editi
333 1599 379 1643 (e.
405 1611 433 1631 c.
458 1599 533 1632 edd.
552 1599 639 1643 ΜΛ)
665 1609 744 1639 „aut
760 1600 846 1634 duos
868 1610 925 1634 aut
940 1610 1004 1635 tres
1023 1604 1195 1647 populos“

64 1654 125 1677 etc.

155 1701 192 1743 5)
216 1699 471 1733 Εόἆ.ΝΙοι·1ιήι”;
490 1708 542 1739 „et
555 1701 793 1744 populos“etc.
805 1720 846 1725 --
860 1700 928 1734 Csr.
939 1701 1126 1742 Rom.XV‚
1142 1704 1192 1737 19.

156 1756 192 1800 ⁵)
216 1755 309 1789 Editi
340 1756 386 1800 (e.
421 1769 446 1789 e.
480 1756 554 1788 cdd.
585 1755 652 1799 Μ.)
683 1766 761 1800 post
792 1757 875 1789 haec
907 1759 1025 1791 verba:
1064 1772 1195 1798 „sacra-

62 1810 176 1834 menta
202 1803 397 1840 convertit,“
423 1802 569 1833 addunt:
594 1801 673 1839 „Sic
698 1810 807 1834 autem
825 1802 1018 1845 praedicavi
1042 1803 1194 1845 Evange-

60 1847 143 1879 lium
170 1847 248 1885 hoc,
274 1860 346 1878 non
371 1846 430 1878 ubi
454 1845 650 1879 nominatus
675 1856 721 1879 est
745 1846 905 1886 Christus,
929 1861 971 1880 ne
988 1862 1090 1893 super
1113 1850 1194 1882 alie-

62 1905 145 1924 num
171 1891 429 1924 fundamentum
457 1890 688 1930 aedificarem,
725 1891 810 1924 sicut
831 1893 993 1936 scriptum
1019 1898 1103 1926 est:“
1132 1896 1192 1927 sed

62 1937 117 1968 hic
141 1936 296 1981 Apostoli
322 1944 494 1968 contextus
519 1935 552 1967 in
578 1936 655 1969 Mss.
680 1937 801 1969 nostris
827 1936 937 1970 Codd.
969 1951 1040 1971 non
1065 1940 1192 1983 reperi—

63 1991 126 2014 tur.
151 1982 190 2013 R.
218 2001 258 2005 —
284 1979 354 2013 Cfr.
378 1993 451 2024 pag.
477 1981 553 2014 411.
578 1991 649 2014 not.
672 1984 703 2016 2.

156 2035 191 2078 7)
215 2035 304 2068 Edd.
329 2036 483 2069 Merlini:
511 2037 770 2080 praedicationis
793 2039 963 2083 propriae.

153 2090 191 2133 ⁸)
217 2091 272 2124 Sic
305 2105 421 2124 omnes
453 2092 532 2125 Blss.
565 2102 595 2125 et
628 2093 796 2127 Rabanus.
854 2094 945 2127 Editi
977 2107 1056 2127 vero
1090 2094 1136 2139 (v.
1163 2109 1189 2127 c.

61 2136 136 2170 edd.
161 2136 250 2180 M.):
276 2137 511 2176 „ecclesiarum
536 2139 748 2182 principibus
770 2149 802 2172 et
824 2139 1032 2173 rectoribus“
1064 2149 1123 2173 etc.
1150 2140 1188 2172 R.

154 2191 190 2235 ⁹)
214 2191 278 2224 Ed.
303 2192 350 2224 M.
376 2192 423 2225 II:
446 2205 490 2225 ne
514 2193 641 2227 alienos
663 2195 798 2228 labores
823 2204 884 2228 etc.

131 2247 188 2291 ¹⁰)
212 2247 299 2281 Edd.
325 2248 478 2283 Merlini:
504 2248 622 2282 effecit.
648 2269 689 2277 ·—-
717 2250 786 2284 cfr.
811 2262 885 2296 pag.
909 2250 984 2288 412.
1009 2260 1078 2286 not.
1102 2251 1132 2284 2.
