1392 2464
336 103 689 137 COMMENTAmomJM
722 100 795 132 Lm.
827 99 885 132 VI.
1159 98 1182 133 3

49 202 136 235 turn,
152 195 185 238 ¹)
216 204 434 239 praeceptum
460 194 516 226 dat
541 190 746 236 Apostolus,
771 188 901 222 dicens:
935 188 1076 231 ‚,non²)
1099 200 1180 229 ergo

48 266 164 300 regnet
187 265 366 302 peccatum
391 255 426 288 in
458 263 568 287 vestro
599 251 736 285 mortali
761 262 924 295 corpore,
948 251 991 283 ad
1016 249 1180 282 obedien-

48 320 130 352 dum
156 317 328 352 desideriis
354 316 456 363 ejus.“
495 314 567 348 Nisi
591 313 680 347 enim
699 321 782 345 esset
806 312 840 345 in
866 321 982 345 nostra
1005 320 1182 356 potestate,

48 389 85 413 ut
109 393 180 412 non
205 388 358 422 regnaret
387 378 422 410 in
454 376 553 410 nobis
584 384 781 421 peccatum,
820 383 1040 418 praeceptum
1064 373 1183 417 utiquc

47 454 119 474 uon
145 441 300 474 dedisset.
347 439 536 482 Quomodo
565 451 645 480 ergo
669 435 831 481 possibile
856 445 920 474 est,
945 444 982 467 ut
1005 444 1184 479 peccatum

47 501 83 534 in
108 514 208 534 carne
223 509 338 534 nostra
362 514 434 534 non
458 499 597 543 regnet?
624 498 660 532 Si
675 498 835 531 faciamus
855 497 952 536 illud,
979 497 1074 541 quod
1089 496 1182 529 idem

49 563 233 608 Apostolus
258 561 354 596 dicit:
380 560 650 604 ‚‚m01-tif1cate³)
676 560 829 592 membra
852 567 969 598 vestra,
995 571 1082 603 quae
1104 566 1183 590 sunt

48 638 150 669 super
173 629 339 656 terram:“
371 634 403 657 et
437 623 463 657 si
499 636 633 668 semper
655 631 803 655 mortem
830 619 954 653 Christi
977 619 1011 652 in
1037 632 1183 664 corpore

45 695 163 719 nostro
188 683 521 729 circumferamus.⁴²)
571 683 711 717 Certum
735 696 885 728 namque
909 691 975 722 est,
1001 681 1098 726 quia,
1121 680 1183 714 ubi

45 760 138 780 mors
164 746 287 780 Christi
311 746 567 786 circumfertur,
600 758 673 778 non
696 754 810 790 potest
832 757 972 787 regnare
995 752 1183 788 peccatum.

44 810 105 842 Est
130 808 219 841 enim
243 817 335 841 tanta
359 807 406 841 vis
438 807 545 841 crucis
573 807 716 847 Christi,
741 816 796 847 ut,
821 807 848 840 si
871 815 949 839 ante
975 805 1093 838 oculos
1116 818 1182 849 po-

43 880 163 910 natur,
204 879 236 902 et
266 869 302 902 in
333 879 446 902 mente
479 869 626 902 fideliter
649 868 852 908 retineatur,
885 867 931 900 ita
954 867 1050 900 utin
1074 866 1182 911 ipsam

43 941 190 965 mortem
218 931 342 964 Christi
365 931 514 964 intentus
530 930 566 974 ⁵)
592 931 712 964 oculus
736 929 858 963 mentis
881 928 1063 974 adspiciat,
1087 928 1182 961 nulla

44 992 326 1037 concupiscentia,
349 993 443 1025 nulla
468 992 588 1032 libido,
612 993 727 1025 nullus
751 993 865 1031 furor,
902 991 998 1024 nulla
1022 1002 1183 1035 superare

43 1054 150 1099 possit
173 1054 310 1095 invidia,
334 1055 393 1087 sed
414 1053 577 1087 continuo
604 1055 646 1086 ad
670 1052 740 1099 ejus
753 1052 977 1098 praesentiam
999 1061 1090 1084 totus
1114 1051 1183 1092 ille,

46 1128 148 1160 quem
173 1129 274 1160 supra
300 1114 581 1155 enumeravimus,
605 1113 735 1158 peccati
755 1123 787 1146 et
806 1113 915 1147 carnis
930 1115 1065 1155 sugatur
1089 1126 1182 1146 exer-

45 1176 144 1210 citus:
172 1176 282 1221 ipsum
319 1190 399 1209 vero
433 1185 611 1221 peccatum
636 1189 698 1208 nec
722 1175 881 1215 subsistit,
906 1174 1081 1220 quippe⁶)
1104 1188 1183 1207 cum

43 1251 106 1270 nec
142 1238 327 1271 substantia
362 1237 433 1283 ejus
466 1251 608 1282 usquam
642 1237 684 1270 sit
713 1237 777 1269 nisi
810 1236 844 1269 iu
878 1249 981 1281 opere
1013 1245 1045 1268 et
1075 1236 1181 1278 gestis.

42 1300 102 1332 Est
127 1311 205 1341 ergo
230 1298 265 1331 in
290 1299 390 1331 nohis
416 1309 447 1331 et
472 1297 745 1343 concupiscentia
767 1297 907 1342 peccati,
931 1311 1018 1342 quae
1042 1311 1183 1339 regnum

42 1361 143 1393 habet
157 1360 192 1392 in
213 1373 330 1393 carne:
356 1369 405 1393 est
420 1369 453 1393 et
473 1358 743 1404 concupiscentia
763 1358 909 1403 spiritus,
937 1369 1023 1403 quae
1041 1372 1183 1401 regnum

42 1422 144 1455 habet
170 1421 203 1454 in
229 1432 353 1462 mente,
378 1423 567 1455 secundum
593 1421 638 1460 id,
664 1421 757 1465 quod
782 1434 882 1465 supra
908 1420 1069 1461 diximus,
1105 1421 1183 1466 quia

40 1497 142 1525 „caro
157 1484 192 1528 ⁷)
217 1483 426 1528 concupiscit
450 1485 608 1516 adversus
633 1482 800 1527 spiritum,
823 1482 958 1527 spiritus
983 1492 1097 1516 autem
1122 1484 1182 1515 ad-

43 1559 155 1578 versus
180 1550 347 1578 carnem.“
396 1545 484 1578 Cum
520 1558 599 1587 ergo
625 1544 897 1589 concupiscimus
923 1545 1017 1588 quod
1043 1558 1115 1577 non
1141 1544 1181 1577 li-

43 1616 105 1647 cet,
129 1607 179 1639 vel
206 1607 299 1652 quod
324 1620 396 1640 non
422 1608 535 1646 decet,
572 1606 624 1638 vel
658 1607 752 1650 quod
782 1619 854 1639 non
886 1605 1030 1650 expedit,
1054 1619 1181 1639 concu-

41 1668 203 1713 piscentia
227 1668 386 1713 car11is⁸)
412 1678 469 1702 est.
511 1668 600 1701 Cum
624 1682 704 1700 vero
729 1667 937 1712 concupiscit
951 1667 987 1712 ⁹)
1012 1676 1045 1700 et
1070 1667 1184 1702 deficit

137 1807 172 1852 Ι)
197 1809 237 1841 In
270 1809 321 1842 ed.
349 1807 564 1842 Genebrardi
595 1821 659 1853 pro
699 1812 918 1851 ,‚peccatum“
950 1807 1085 1851 legitur:
1118 1808 1182 1849 „ad

47 1852 311 1887 obediendum.⁴‘
335 1855 375 1889 R.

135 1910 172 1952 2)
196 1910 298 1943 Rom.
321 1911 380 1950 VI,
407 1911 459 1944 12.
557 1910 594 1954 ³)
619 1910 751 1944 Coloss.
776 1911 836 1951 ΙΙΙ,
860 1911 892 1944 5.

136 1965 174 2009 ⁴)
198 1966 230 1998 II
256 1966 336 2000 Cor.
360 1967 419 2006 IV,
445 1968 497 2000 10.

141 2021 176 2065 ⁵)
200 2022 289 2056 Edd.
314 2022 474 2056 Merlini:
498 2020 635 2055 intentis
662 2022 770 2056 oculis
793 2021 915 2056 mentis
941 2021 1154 2067 adspiciatur.

138 2076 289 2129 6).Ε(1(1.
320 2079 477 2112 RIerlim':
513 2078 640 2123 quippe
673 2092 752 2112 cum
782 2078 969 2112 substantia
1002 2077 1072 2124 ejus
1102 2091 1180 2110 nus*

45 2135 147 2167 quam
171 2131 212 2154 stt
236 2132 296 2156 etc.

136 2176 173 2222 ⁷)
200 2178 309 2211 Galat.
332 2180 374 2219 V,
398 2181 450 2215 17.

136 2234 174 2278 Β)
197 2234 287 2267 Edd.
311 2234 467 2268 Merlini:
492 2245 540 2269 est
564 2235 682 2269 carnis.

138 2289 175 2334 9)
200 2290 325 2325 Psalm.
349 2290 539 2332 LXXXIV,
563 2293 596 2328 2.
620 2289 854 2336 (LXXXIII.)

848 2354 903 2387 14
