1377 2454
329 113 682 148 COMMENTARJORUM
705 114 777 146 Lm.
803 113 860 147 VI.
1118 114 1161 148 31

31 195 110 240 ζεῦ*
155 204 329 249 chem¹)
361 217 440 237 vero
473 203 681 249 spiritualem
715 216 802 243 esse,
827 216 899 236 non
923 202 1014 236 solus
1037 203 1164 236 Paulus

31 267 166 307 sciebat,
191 267 250 300 sed
275 275 307 299 et
331 266 375 306 hi,
401 266 458 310 qui
479 267 520 298 ab
544 265 618 310 ipso
638 264 896 298 imbuebantur:
921 265 1028 310 qui2)
1052 275 1165 298 tamon

30 328 218 373 spirituales
237 338 342 368 erant,
367 329 408 361 de
433 327 554 372 quibus
577 326 673 359 dicit:
697 327 899 371 „spiritualis
912 327 945 371 3)
960 337 1073 360 autem
1090 341 1166 360 exa-

32 389 139 423 minat
171 392 318 424 omnia.“
369 390 457 422 Nam
488 390 530 422 de
571 389 699 422 Galatis
737 403 807 421 non
839 403 978 434 possum
1009 404 1165 434 pronun—

31 451 127 492 tiare,
152 453 245 496 quod
270 451 375 485 sciant
398 452 505 493 legem
525 449 733 494 spiritualem
748 464 826 491 esse,
852 452 894 483 de
920 451 1042 496 quibus
1068 451 1166 484 dicit:

32 528 76 554 „0
91 513 127 558 ⁶²)
150 513 308 547 insensati
333 511 511 546 Galatae!“
534 512 606 545 Nisi
637 513 726 545 sorte
756 523 836 545 tunc
860 513 1063 558 scierint‚⁵)
1085 528 1166 551 rcum

32 574 153 620 spiritu
177 584 375 619 coeperant:
404 575 463 608 sed
486 587 558 606 non
581 584 842 618 permanserunt
873 575 909 607 in
933 576 995 608 hac
1019 575 1168 615 scientia,

35 636 113 681 quia
138 649 238 669 carne
263 635 487 669 consummati
516 645 603 670 sunt.
658 637 957 681 Apostolorumss)
990 650 1070 669 vero
1105 639 1168 670 do-

35 697 151 739 ctrina,
177 707 210 731 et
233 711 362 738 eorum,
390 696 447 742 qui
472 698 513 729 ab
538 697 616 741 ipsis
644 697 951 743 instituebantuff)
976 700 1018 732 ad
1043 700 1170 733 docen-

35 761 136 799 dum,
171 759 246 793 talis
278 767 364 798 erat,
404 758 537 803 quaefl)
587 760 727 792 doceret
766 759 922 793 homines
952 761 1076 794 servire
1106 761 1170 803 legi

35 821 176 867 „n0n⁹)
207 821 243 854 in
274 829 436 854 vetustate
459 820 622 862 literae,“
658 823 718 854 sed
749 821 804 862 „in
828 822 977 855 novitate
1005 822 1172 867 spiritus.“

37 883 144 927 Quod
168 897 240 916 non
264 882 377 916 solum
401 883 605 927 Apostolos,
640 885 698 916 sed
733 894 764 917 et
787 885 980 929 prophetas,
1007 894 1039 917 et
1063 885 1089 917 si
1114 884 1172 930 qui

36 954 132 978 erant
154 954 235 977 tunc
258 944 423 989 sapientes
446 944 481 977 in
505 945 637 990 populo
664 945 747 985 Dei,
764 946 820 991 lo)
852 946 990 980 sensisse
1015 946 1173 986 arbitror,

37 1006 116 1052 quia
139 1006 192 1040 lex
216 1006 396 1051 spiritualis
422 1015 480 1046 est,
503 1007 582 1040 licet
604 1007 830 1042 multitudinis
855 1022 954 1042 causa
977 1007 1075 1041 etiam
1101 1022 1174 1041 car-

36 1068 151 1101 nalem
185 1067 379 1101 viderentur
415 1069 663 1102 observantiam
695 1070 875 1103 custodire.
932 1072 1004 1104 Nec
1039 1069 1175 1110 mirum,

39 1144 118 1163 cum
145 1139 178 1163 et
200 1129 273 1174 ipse
295 1129 422 1162 Paulus
457 1130 563 1163 dicat:
597 1130 673 1175 quia
691 1131 746 1176 ¹¹)
778 1133 907 1170 „sactus
937 1147 1012 1166 sum
1037 1133 1176 1166 Judaeis

39 1201 203 1237 tanquam
234 1192 403 1231 Judaeus,
436 1200 475 1224 ut
508 1192 659 1224 Judaeos
695 1192 963 1227 lucrisacerem.“
1015 1195 1063 1227 Ita
1097 1208 1176 1236 ergo

40 1254 140 1287 multi
163 1254 199 1286 in
222 1253 355 1297 populo
384 1252 500 1297 priore
535 1253 760 1298 proficiebant
784 1255 818 1287 in
842 1255 978 1288 scientia
1002 1256 1179 1300 spirituali,

42 1326 75 1349 et
98 1315 258 1348 videbant
292 1314 435 1356 gloriam
459 1315 565 1347 Verbi
591 1315 676 1355 Dei,
717 1316 802 1349 sicut
837 1317 952 1350 Esaias
986 1318 1176 1363 vidissem)

41 1376 200 1410 scribitur
223 1375 366 1418 gloriam
382 1374 438 1421 ¹3)
461 1375 542 1409 Filii
567 1376 652 1417 Dei,
676 1386 714 1409 ut
739 1387 881 1411 testatur
903 1379 1074 1421 Joannes,
1099 1394 1177 1413 cum

43 1465 109 1472 .--,

138 1516 172 1561 ¹)
199 1516 288 1549 Alias
314 1515 361 1561 (v,
379 1530 405 1550 c.
423 1515 459 1548 in
484 1517 561 1549 edd.
587 1516 672 1561 MA)
696 1517 840 1560 „Legem
865 1531 945 1551 vero
970 1518 1178 1564 spiritualem

42 1575 114 1595 non
139 1563 252 1595 solum
274 1562 401 1595 Paulus
425 1561 558 1594 sciebat.
565 1565 583 1580 “
606 1563 648 1595 R.

138 1619 175 1662 ²)
198 1619 283 1651 Blsc.
307 1632 395 1651 unus
426 1618 508 1660 Reg.
538 1631 631 1652 num.
663 1618 760 1653 1641.
794 1619 840 1651 sic
864 1620 983 1653 habet:
1014 1619 1095 1665 „qui
1128 1631 1179 1654 ta-

43 1677 123 1697 men
147 1663 335 1708 spirituales
361 1672 466 1701 erant,
523 1664 613 1696 Nam
644 1663 680 1696 id
699 1664 850 1716 ’quidem
877 1667 1027 1699 calnales
1052 1667 1181 1700 nescie-

43 1711 137 1750 bant,
163 1710 205 1742 de
230 1709 352 1761 qpibus
378 1708 475 1741 dicit:
503 1722 523 1741 0
548 1709 707 1742 insensati
733 1709 915 1747 Galatae'“
942 1711 1074 1744 Caete1i
1098 1726 1178 1745 vero

45 1755 126 1789 Mss.
152 1764 185 1788 et
210 1754 290 1787 editi
315 1754 361 1799 (v.
386 1767 414 1787 c.
439 1755 515 1787 edd.
541 1754 610 1798 M.)
634 1764 672 1786 ut
696 1754 731 1787 in
755 1765 874 1788 nostro
898 1765 1001 1790 textu.
1026 1758 1067 1791 R.

137 1810 175 1856 ³)
198 1811 214 1843 I
244 1810 323 1843 Cor.
349 1810 391 1850 II,
416 1812 468 1846 15.
563 1809 599 1855 ⁴²)
628 1810 740 1845 Galat.
765 1812 823 1852 Ill,
849 1814 879 1847 1.

141 1866 176 1911 ⁵)
201 1867 265 1899 Ed.
289 1867 338 1899 Μ.
364 1866 412 1899 II:
436 1866 590 1900 scierant.

140 1922 176 1966 ⁶)
200 1922 710 1967 Msc.unus:‚,Ap0stolo1um
734 1923 824 1957 euim
850 1925 1038 1958 doctrina.“
1061 1927 1103 1961 R.

142 1977 179 2021 ⁷)
202 1977 297 2011 Editi
327 1979 483 2023 plerique
515 1979 564 2024 (v
598 1992 624 2014 c.
650 1981 701 2013 ed.
725 1980 774 2013 M.
799 1980 877 2025 II.:)
909 1981 1184 2023 „instruebantur

49 2023 92 2056 ad
117 2024 319 2056 docendum
323 2030 342 2043 “
366 2025 396 2056 R

143 2077 180 2122 8)
204 2078 297 2112 Editi
320 2080 475 2125 plerique
500 2081 548 2125 (e.
574 2094 600 2114 e.
628 2081 703 2114 edd.
728 2080 815 2126 M.):
846 2095 955 2127 „quae
990 2086 1121 2118 docet.“
1145 2086 1184 2117 R.

144 2134 180 2179 ⁹)
205 2135 306 2167 Rom.
325 2137 401 2176 VII,
425 2137 456 2170 6.
555 2137 612 2181 ¹⁰)
637 2137 742 2170 Deest
764 2138 875 2178 ‚‚Dei“
898 2139 932 2172 in
959 2141 1035 2174 edd.
1059 2142 1107 2173 Μ.

124 2190 182 2234 ¹¹)
209 2191 222 2221 1
248 2191 327 2225 Cor.
352 2192 412 2232 IX,
436 2193 491 2227 20.

127 2246 182 2289 ¹²)
207 2246 296 2279 Edd.
321 2248 477 2281 Merlini:
502 2248 661 2281 scribitur
687 2249 813 2283 vidisse.

127 2301 183 2345 ¹³)
207 2302 271 2336 Ed.
297 2303 346 2337 M.
370 2304 422 2337 II:
446 2304 589 2347 gloriam
614 2305 707 2339 verbi
733 2306 810 2339 Dei.
