1320 2444
178 66 248 102 296
450 64 626 99 ORIGENIS
649 75 686 99 m
709 65 772 99 ΕΡ.
797 73 845 99 An
871 65 1050 101 Rommos

183 154 345 191 haeretici
374 156 450 201 plus
481 156 617 201 sapiunt
654 157 697 189 de
722 154 856 189 Christo
893 169 995 200 quam
1027 165 1163 201 oportet
1192 168 1316 202 sapere,

184 219 243 263 qui
267 228 391 259 negant
415 231 491 251 eum
507 217 540 262 ¹)
565 217 632 250 Dei
657 216 816 250 creatoris
841 230 908 250 esse
931 217 1058 258 filium,
1081 219 1139 252 sed
1175 219 1317 259 alterius,

183 280 300 313 nescio
326 278 437 325 cujus,
468 278 667 322 melioris²)
699 278 776 311 Dei.
824 278 894 312 Sed
927 288 959 311 et
980 279 1030 312 illi
1053 280 1128 324 plus
1153 281 1195 313 de
1219 279 1318 313 Chri-

183 349 235 373 sto
258 340 393 385 sapiunt
417 354 519 385 quam
545 349 683 385 oportet
694 353 822 384 sapere,
847 340 905 385 qui
927 349 1050 381 negant
1062 353 1139 373 eum
1160 340 1195 374 in
1217 353 1319 374 carne

185 401 324 442 venisse,
349 411 380 435 et
404 411 521 435 natum
547 414 615 434 esse
640 400 723 445 ex3)
751 400 892 444 virgine,
930 403 988 434 sed
1013 403 1156 435 coeleste
1188 403 1218 435 ei
1243 416 1319 436 cor—

184 476 249 508 pus
269 463 444 505 assignant.
481 463 519 495 In
536 463 586 496 his
606 475 683 503 ergo
702 462 862 496 omnibus
876 463 1003 496 Paulus
1018 477 1081 497 nos
1094 465 1165 497 vult
1178 477 1273 504 „non
1282 463 1320 507 ⁴²)

183 525 260 569 plus
285 538 403 570 sapere
427 538 529 569 quam
556 533 691 569 oportet
716 538 843 568 sapere,
866 526 924 558 sed
947 538 1066 570 sapere
1089 527 1132 559 ad
1155 525 1320 559 sobrieta-

185 591 287 619 tem.“
335 586 442 629 Quod
467 586 500 618 in
530 585 662 619 Graeco
690 586 812 619 dicitur
836 585 1068 633 σωφροσύνη,
1092 587 1127 620 in
1141 587 1177 631 ⁵)
1201 586 1320 620 nostris

186 648 387 687 Codidbus,
412 648 479 680 hoc
498 657 554 687 est,
578 648 613 680 in
639 647 822 692 Scripturis
847 647 968 681 divinis
990 648 1154 682 sobrietas
1171 662 1188 682 a
1213 647 1320 694 majo-

185 710 279 743 ribus
303 709 559 754 interpretatum
587 718 646 742 est:
671 710 712 741 ab
739 709 809 742 aliis
832 718 945 742 tamen
971 709 1109 743 eruditis
1137 710 1214 743 viris
1237 719 1320 743 tern-

185 771 341 816 perantia
366 771 523 815 ponitur:
549 783 635 815 quae
658 770 881 815 temperantia
902 785 970 804 una
995 784 1032 804 ex
1052 780 1200 816 quatuor
1223 784 1320 813 gene-

185 833 314 865 ratibus
337 833 514 865 virtutibus
538 831 692 865 habetur.
748 831 792 863 Et
804 830 840 875 6)
868 831 904 864 in
935 832 1003 866 hoc
1035 845 1113 874 ergo
1144 834 1225 867 loco
1249 846 1320 866 me-

184 893 248 927 lius
273 894 432 938 Apostoli
457 894 544 927 dicta
568 895 730 932 lucerent,
753 892 780 925 si
794 893 996 927 haberemus
1019 903 1049 927 et
1071 908 1134 927 nos
1157 895 1320 939 scriptum

183 957 374 989 secundum
407 953 531 988 Gracci
561 954 727 987 sermonis
760 953 935 987 virtutem:
971 957 1048 995 „sed
1063 956 1097 1000 ⁷)
1126 968 1244 999 sapere
1278 956 1320 989 ad

184 1016 488 1060 temperantiam:“
519 1016 585 1048 hoc
600 1014 636 1058 ⁸)
668 1024 732 1054 est,
764 1024 801 1046 ut
832 1014 867 1047 1'n
894 1016 1072 1056 omnibus,
1104 1017 1156 1049 vel
1170 1016 1205 1060 ⁹)
1237 1030 1320 1061 quae

189 1077 328 1118 agimus,
353 1078 403 1110 vel
428 1090 514 1122 quae
539 1076 726 1121 loquimur,
750 1076 799 1108 vel
825 1090 912 1120 quae
933 1078 1104 1118 sentimus,
1130 1088 1320 1123 temperan-

188 1138 269 1171 tiam
295 1148 478 1172 teneamus.
525 1138 565 1171 In
581 1137 637 1182 ¹⁰)
661 1138 710 1171 his
737 1138 843 1178 enim,
878 1151 964 1182 quae
987 1153 1088 1184 supra
1113 1141 1320 1174 enumeravi-

185 1214 262 1233 mus
285 1213 396 1245 neque
421 1200 585 1245 amplius,
616 1212 729 1244 neque
763 1201 875 1233 minus
899 1200 1044 1245 fieri¹¹)
1075 1202 1215 1242 debere,
1246 1215 1320 1235 mo-

187 1263 270 1294 dum
297 1275 428 1296 servare
452 1261 547 1295 novit
570 1262 642 1294 sola
667 1261 900 1305 temperantia.
938 1262 1021 1296 Post
1043 1262 1126 1295 haec
1141 1262 1202 1296 ait:
1225 1264 1320 1303 „uni-

188 1323 310 1367 cuique
326 1323 380 1367 ¹²)
405 1325 489 1356 sicut
514 1323 622 1356 divisit
646 1323 740 1355 Deus
764 1336 957 1357 mensuram
978 1324 1097 1357 fidei:“
1122 1324 1189 1357 hoc
1207 1333 1262 1364 est,
1286 1333 1320 1357 ut

187 1383 270 1417 sciat
300 1385 532 1429 unusquisque
564 1394 594 1418 et
629 1385 808 1426 inteIIIgat‚
850 1398 937 1429 quae
966 1385 1000 1417 in
1036 1398 1077 1418 eo
1102 1385 1142 1419 sft
1164 1398 1320 1418 mensura

187 1446 311 1487 gratiae
335 1446 412 1484 Dei,
438 1459 539 1490 quam
567 1446 730 1490 consequi
758 1448 881 1480 meruit
905 1460 967 1490 per
990 1447 1102 1479 fidem.
1147 1446 1320 1480 Interdum

284 1566 318 1611 ¹)
342 1567 430 1601 Edd.
449 1568 605 1601 Merlini:
623 1581 699 1601 eum
717 1567 825 1601 filium
840 1567 907 1600 Dei
922 1567 1080 1600 creatoris
1097 1581 1174 1609 esse,
1187 1571 1246 1603 sed
1262 1579 1320 1604 etc.

281 1624 318 1664 ²)
343 1623 428 1656 Msc.
454 1623 534 1664 Reg.
557 1637 653 1656 num.
678 1624 775 1660 1639.
800 1623 963 1663 „minoris
988 1623 1054 1655 Dei
1065 1628 1095 1656 :“
1120 1626 1179 1657 sed
1204 1639 1320 1659 omnes

189 1668 246 1701 alii
269 1668 368 1745 5¹13„
394 1668 569 1708 Rabanus,
605 1679 636 1702 et
661 1669 739 1702 editi
765 1675 812 1712 (v,
839 1682 865 1701 c.
890 1669 965 1701 edd.
990 1667 1057 1712 M.)
1081 1670 1203 1704 rectius
1229 1679 1265 1703 ut
1286 1671 1320 1705 in

187 1722 287 1747 textu.
345 1740 350 1745 .

282 1768 319 1813 3)
344 1769 431 1802 Edd.
458 1768 613 1802 Merlini:
640 1770 681 1802 de
705 1769 842 1810 virgine.
938 1769 973 1812 ⁴)
999 1769 1100 1802 Rom.
1125 1770 1203 1811 ΧΠ,
1224 1772 1256 1806 3.

283 1824 318 1867 ⁵)
342 1825 406 1857 Ed.
433 1825 539 1858 Ruaei
563 1826 654 1859 sola:
685 1825 720 1857 in
752 1825 873 1858 nostris
897 1835 1008 1858 autem
1044 1825 1229 1861 Codicibus
1261 1837 1320 1862 etc.

283 1879 320 1925 ὓ)
346 1881 435 1914 Edd.
461 1881 616 1914 Merlini:
642 1880 686 1912 Et
709 1881 744 1913 in
769 1881 836 1913 hoc
860 1882 939 1913 loco
966 1894 1044 1923 ergo
1071 1892 1131 1915 etc.

281 1936 318 1981 7)
344 1936 413 1970 Csr.
438 1936 539 1969 Rom.
564 1936 642 1975 XII,
665 1938 697 1970 3.
791 1936 828 1979 8)
851 1937 941 1970 Edd.
964 1937 1121 1971 Merh‘ni:
1144 1939 1180 1972 id
1195 1948 1240 1972 est
1260 1948 1320 1973 etc.

281 1993 318 2037 9)
342 1992 446 2025 Deest
470 1994 562 2032 ‚‚vcl“
587 1993 622 2025 in
649 1993 724 2025 cdd.
750 1992 797 2023 M.

260 2049 318 2092 ¹⁰)
342 2048 431 2083 Edd.
454 2048 610 2081 Merlini:
636 2048 673 2080 In
699 2048 737 2081 iis
763 2048 853 2080 enim
879 2058 938 2081 etc.

262 2106 319 2149 ¹¹)
342 2104 430 2138 Edd.
462 2104 617 2137 Martini:
650 2104 723 2137 fieri
757 2105 897 2143 debere,
929 2105 986 2137 sed
1012 2106 1154 2138 modum
1178 2118 1317 2146 servare,

187 2160 282 2184 novn
307 2160 368 2184 etc.

265 2206 321 2251 ¹²)
344 2206 433 2239 Edd.
462 2206 619 2240 Merh'ni:
659 2217 711 2247 „et
744 2207 929 2251 unicuique
964 2209 1047 2241 sicut
1082 2206 1174 2238 Deus
1212 2203 1318 2239 divisit

190 2256 404 2286 mensu1·am“
429 2261 488 2286 etc.
513 2272 553 2278 -
573 2251 642 2286 Csr.
672 2253 769 2286 Rom.
793 2252 869 2292 XII,
892 2252 923 2286 3.
