1320 2444
172 109 239 144 308
443 108 620 143 Ommzms
643 118 681 143 m
704 109 766 142 ΕΡ.
792 117 839 142 An
866 107 1043 143 Romanos

174 199 313 233 scientia
334 198 544 240 stimulatur,
575 199 846 240 recognoscentis
870 213 908 232 ex
932 199 1002 240 his,
1027 213 1112 245 quae
1138 200 1308 246 dicuntur,

174 261 317 306 propria
341 269 497 305 peccata,
526 269 558 293 et
582 261 810 300 recordantis,
840 261 865 294 si
900 274 966 306 qua
1000 263 1089 296 forte
1113 262 1148 295 in
1174 264 1309 296 occulto

177 322 393 356 commiserit.
445 322 671 366 Interdum¹)
703 331 814 355 autem
848 332 880 355 et
902 322 1096 357 >aestimatio
1127 324 1198 369 ipsa
1229 338 1311 368 pru-

176 384 342 423 dentium,
366 385 417 416 vel
444 396 480 416 ex
505 384 610 423 vultu,
634 385 685 416 vel
710 397 748 416 ex
772 384 938 424 moribus,
959 386 1012 417 vel
1028 398 1065 417 ex
1085 394 1182 417 motu
1194 385 1312 418 unius-

176 445 339 491 cujusque
363 445 604 478 conscientiam
619 445 656 489 ²)
675 444 917 486 colligentium,
941 447 1144 490 prophetiae
1166 445 1311 490 speciem

174 517 278 542 tenet,
325 506 418 539 Haec
442 506 542 540 nobis
567 507 609 539 de
632 506 835 550 prophetiae
859 506 963 548 gratia
994 506 1080 540 dicta
1108 508 1183 540 sint.
1231 507 1313 541 Post

174 568 258 601 haec
282 568 451 613 sequitur:
473 566 608 611 ‚,sive³)
627 567 861 608 ministerium,
886 568 920 601 in
938 568 1195 603 ministrando.“
1227 568 1313 601 Pos-

174 645 290 664 sumus
321 631 404 662 haec
437 630 552 663 omnia
578 631 621 663 ad
656 630 748 662 illam
774 631 926 671 regulam
940 629 977 674 ⁴²)
1010 642 1187 670 revocare,
1225 642 1312 674 quae

174 691 330 737 superius
356 692 444 724 dicta
470 701 533 732 cst,
563 693 630 724 hoc
644 690 679 736 ⁵)
704 700 765 724 est:
796 705 890 731 „non
904 691 939 736 5)
969 693 1046 736 plus
1068 704 1184 736 sapere
1209 705 1310 735 quam

177 762 314 799 oportet
335 757 492 797 sapere:“
529 762 582 793 ut,
618 752 711 785 verbi
745 766 854 792 causa,
884 753 1056 793 dieamus,
1080 767 1152 786 non
1187 754 1312 786 debere

176 829 265 856 eum,
290 815 348 860 qui
371 813 547 854 ministrat,
562 814 596 847 in
612 814 836 847 ministrando
860 815 936 858 plus
950 827 1068 859 sapere
1084 828 1185 859 quam
1206 827 1312 859 opor-

175 886 223 911 tet
245 876 429 922 sapere27)
456 885 487 908 et
512 876 569 920 qui
595 877 711 915 docet,
748 876 783 909 in
809 876 964 909 doctrina
990 889 1060 908 non
1096 877 1171 921 plus
1193 887 1312 920 sapere

175 952 277 983 quam
304 946 439 982 oportet
461 936 642 981 saperezss)
667 946 698 969 et
724 937 781 981 qui
806 938 1020 977 exhortatur,
1043 937 1078 969 in
1093 938 1130 979 ⁹)
1154 937 1310 969 exhorta-

173 1001 268 1033 tione
290 1012 363 1032 non
386 999 462 1043 plus
485 1011 603 1042 sapere
627 1011 729 1042 quam
756 1008 893 1042 oportet
924 1011 1051 1042 sapere.
1095 997 1198 1031 Multi
1222 996 1312 1030 enim

175 1070 317 1105 accepto
342 1059 548 1099 ministerio,
584 1060 637 1092 vel
662 1069 799 1103 accepta
824 1060 997 1099 doctrina,
1029 1059 1105 1103 plus
1128 1067 1312 1103 sapuerunt

175 1121 349 1168 quam¹⁰)
376 1120 530 1165 oportuit
552 1134 689 1165 sapere:
725 1131 756 1154 ct
781 1121 859 1154 elati
882 1121 918 1154 in
939 1121 1178 1165 arrogantiam,
1201 1120 1253 1152 vel
1276 1119 1310 1153 in

175 1183 311 1217 delicias
326 1183 334 1202 ¹
349 1182 382 1227 ¹)
407 1182 555 1221 resoluti,
578 1182 777 1226 praccipites
802 1192 1015 1220 corruerunt.

265 1243 357 1288 „Qui
373 1243 428 1288 ¹²)
454 1244 665 1283 exhortatur,
689 1244 723 1276 in
750 1245 994 1277 exhortando.“
1040 1242 1240 1276 Exhortatio
1257 1240 1312 1286 ι3)

172 1306 298 1351 species
330 1315 377 1339 est
400 1305 576 1339 doctrinae
600 1314 631 1338 et
653 1305 767 1346 verbi,
801 1319 869 1350 quo
895 1304 1039 1338 afflictae
1061 1303 1195 1337 animae
1219 1303 1310 1336 Scri-

174 1420 402 1453 cognoscente
427 1425 464 1444 ex
488 1412 538 1445 his
563 1426 649 1457 quac
672 1413 833 1445 dicuntur
855 1411 995 1456 propria
1020 1420 1170 1456 peccata,
1196 1424 1311 1444 recor-

174 1459 276 1490 dante
308 1457 334 1489 si
362 1462 449 1501 qua“
473 1467 533 1491 etc.
581 1458 647 1490 Sed
674 1470 791 1490 omnes
822 1457 900 1490 Blss.
933 1466 970 1488 ut
1001 1457 1036 1489 in
1067 1466 1185 1489 nostio
1210 1465 1311 1495 textu,

173 1502 238 1534 nisi
267 1504 361 1546 quod
394 1502 451 1535 alii
482 1504 646 1535 habeant:
678 1503 725 1542 „si
759 1506 884 1546 quae,“
909 1501 1011 1535 alius:
1045 1501 1093 1541 „si
1126 1501 1226 1545 quid,
1229 1505 1248 1520 ‘⁴
1279 1510 1311 1534 et

174 1547 330 1592 plerique
357 1548 514 1580 omittant
538 1553 611 1587 „et“
636 1557 711 1580 ante
735 1546 1000 1587 ,‚recordantis.“
1025 1546 1064 1579 R.

269 1603 304 1647 ¹)
328 1603 596 1637 Edd.Mer1ini:
622 1603 796 1636 Interdum
813 1612 924 1635 autem
947 1601 1144 1635 existimatio
1162 1601 1234 1646 ipsa
1249 1611 1307 1635 etc.

267 1659 304 1702 ²)
329 1659 431 1691 Deest
455 1658 739 1697 „eonscientiam“
770 1658 806 1690 in
832 1658 927 1691 editis
952 1657 998 1701 (v.
1023 1671 1050 1692 c.
1075 1659 1151 1691 edd.
1176 1658 1254 1702 M.),
1277 1667 1308 1691 et

172 1705 207 1737 in
219 1703 389 1749 plerisque
414 1703 504 1743 Mss.,
523 1705 581 1737 sed
598 1704 780 1737 restituitur
795 1717 831 1736 ex
847 1703 932 1736 Msc.
947 1704 1025 1745 Reg.
1042 1717 1134 1737 num.
1154 1703 1250 1739 1639.
1267 1703 1305 1736 R.

264 1759 302 1804 ³)
328 1760 427 1793 Rom.
453 1759 529 1799 XII,
552 1761 582 1794 7.

264 1816 301 1860 ⁴)
327 1816 416 1848 Edd.
440 1815 596 1848 Merlini:
622 1828 782 1849 revocare
806 1816 969 1857 regulam.

264 1871 300 1916 ⁵)
325 1871 415 1904 Edd.
439 1872 597 1905 Merlini:
622 1872 704 1905 haec
729 1881 784 1905 est.
880 1871 917 1916 6)
942 1872 1042 1905 Rom.
1066 1871 1144 1912 XII,
1165 1871 1197 1905 3.

263 1927 300 1972 ⁷)
324 1928 429 1961 Deest
450 1931 606 1972 ‚‚sapere“
627 1927 661 1960 in
687 1928 765 1960 edd.
793 1928 842 1961 M.

263 1984 302 2028 ⁸)
325 1984 547 2017 Desideratur
569 1988 728 2028 ‚,sapere“
750 1983 784 2016 in
811 1985 887 2017 edd.
912 1984 960 2018 M.

194 2086 205 2118 l
247 2039 301 2105 “9)
328 2040 417 2117 Alifis
455 2040 503 2085 (e.
541 2054 569 2073 c.
599 2040 636 2073 in
668 2041 744 2074 edd.
776 2038 862 2084 Ma>
895 2039 951 2080 „in
987 2039 1198 2074 exhortando
1233 2051 1303 2072 non

169 2099 245 2130 pus
290 2094 340 2118 etc

245 2141 300 2185 ¹⁰)
325 2140 418 2174 Editi
449 2141 497 2186 (v.
521 2153 548 2172 c.
574 2140 651 2173 edd.
679 2139 747 2183 M.)
779 2153 977 2184 perperam:
1011 2155 1135 2186 „quam
1172 2148 1303 2185 oportet

169 2191 317 2231 sapere.“
363 2186 448 2220 Msc.
472 2199 576 2219 unus:
601 2198 727 2229 „quarn
752 2195 926 2230 oporteret
948 2192 1095 2230 sapere.“
1120 2186 1158 2218 R.

243 2242 300 2285 ¹¹)
324 2242 412 2275 Edd.
436 2241 593 2275 Merlini:
619 2241 756 2275 deliciis.
853 2241 910 2285 ¹²)
935 2241 1035 2274 Rom.
1060 2241 1136 2280 XII,
1158 2241 1189 2275 8.
1255 2268 1258 2271 ,

242 2298 300 2343 ¹³)
322 2298 425 2333 Deest
447 2298 482 2332 in
508 2298 602 2332 editis
626 2298 674 2342 (v.
700 2311 727 2332 c.
753 2299 828 2332 cdd.
851 2296 939 2343 M.):
965 2296 1215 2340 „Exhortati‹›.“
1238 2295 1276 2329 Pu.
