1320 2444
287 68 641 103 COMMENTARIORUM
664 68 738 102 Lm.
762 68 823 102 IX.
1068 71 1133 106 331

2 168 231 208 peccaverunt,
255 172 317 205 per
339 160 446 201 legem
462 158 746 205 judicabuntur:“
769 171 1050 205 unumquemque
1075 174 1134 193 au-

0 234 67 257 tem
89 223 124 256 in
147 220 275 268 judicio
300 221 356 255 illa
381 222 432 255 lex
455 221 526 255 sine
554 220 659 254 dubio
686 230 801 264 arguet
822 223 1012 255 secundum
1038 224 1132 267 quod

0 284 92 323 vixit,
128 303 170 309 —
203 283 411 317 ostendimus
443 292 555 316 autem
586 291 740 315 sanctum
773 281 938 327 Spiritum
962 283 997 315 in
1021 283 1134 317 multis

0 345 165 379 humanae
195 345 258 386 legi
288 345 404 378 locum
430 345 560 378 dedisse
583 364 637 383 —‚
661 353 789 377 certum
813 353 860 377 est
884 356 976 385 ergo,
991 344 1025 389 ¹)
1055 344 1133 389 quin

0 406 31 440 in
55 406 109 440 (lie
132 405 249 452 judicii
274 406 414 439 habebit
438 406 536 440 etiam
575 419 612 438 ex
636 404 704 438 istis
728 406 855 447 legibus
879 406 1015 438 laudern
1041 407 1134 450 apud

0 468 108 501 Deum
133 467 170 509 is,
194 469 252 513 qui
274 468 359 501 nihil
388 477 507 501 contra
530 476 665 501 statutas
690 466 900 501 commiserit
923 468 1027 508 leges,
1054 480 1132 500 cum

0 528 127 564 dicetur
150 528 179 562 ei
204 544 221 563 a
244 530 419 563 Domino:
452 529 616 574 ‚,euge,²)
640 542 732 562 serve
756 530 849 561 bone
874 538 905 562 et
928 528 1052 562 fidelis!
1076 543 1132 562 su-

0 591 108 636 per3)
138 603 248 635 pauca
281 591 373 624 fuisti
405 590 530 631 fidelis,
566 604 670 636 super
707 590 812 623 multa
844 599 877 623 te
901 590 1133 623 constituam-⁴⁴

0 653 179 686 Sciendum
206 662 320 686 tamen
345 653 449 698 est,⁴)
478 653 621 698 quod5)
646 651 755 698 „justo
770 653 822 684 lex
845 665 917 686 non
944 662 992 685 est
1013 652 1134 696 posita,

0 715 53 748 sed
76 713 206 760 injustis
231 723 263 747 et
285 728 356 748 non
380 715 539 755 subditis,
564 713 728 754 scelestis,
751 714 942 755 homicidis,
967 713 1135 747 contami-

0 775 88 815 natis,
111 774 265 822 perjuris,
289 785 321 809 et
339 776 466 817 ceteris,
491 776 549 821 qui
573 775 771 823 hujusmodi
793 780 903 813 sunt,“
949 776 1017 820 Ipsi
1041 775 1131 808 enim

0 847 86 879 sunt,
118 837 176 882 qui
206 837 327 871 timent
349 839 470 879 legem.
526 838 597 882 Qui
625 848 735 871 autem
768 837 849 871 facit
881 838 1033 877 bonum,
1064 837 1131 869 hoe

0 909 51 940 est,
74 899 132 944 qui
155 913 227 932 non
251 909 344 933 metu
369 900 459 941 legis,
482 900 540 934 sed
567 913 684 933 amore
716 899 801 932 boni
833 899 913 932 facit
949 900 1044 944 quod
1068 900 1133 931 bo-

0 975 76 994 num
102 970 158 1002 est,
181 962 240 994 iste
263 960 332 1007 jam
355 975 427 995 non
451 963 515 995 sub
538 963 611 1004 lege
633 962 767 1001 literae,
798 963 857 994 sed
880 962 942 994 sub
969 962 1040 1002 lege
1063 960 1132 1005 spi-

0 1023 77 1057 ritus
99 1023 187 1056 vivit.

82 1084 137 1118 29.
161 1084 265 1124 „Ideo
281 1085 316 1129 6)
349 1084 530 1129 neeesse⁷)
567 1093 613 1117 est
635 1084 791 1118 subditos
816 1097 902 1123 esse,
925 1097 996 1117 non
1020 1084 1133 1116 solum

0 1156 137 1191 propter
158 1147 255 1185 iram,
278 1147 337 1179 sed
362 1155 393 1178 et
416 1155 559 1190 propter
582 1146 833 1179 conscientiam.
874 1147 958 1179 Ideo
985 1145 1075 1178 enim
1102 1154 1134 1177 et

0 1208 118 1241 tributa
142 1207 309 1252 penditis:
340 1207 483 1240 ministri
516 1207 606 1240 enim
639 1208 705 1240 Dei
728 1218 823 1247 sunt,
854 1207 889 1240 in
923 1208 989 1239 hoe
1021 1207 1132 1250 ipsum

0 1269 180 1303 instantes.“
214 1269 360 1302 Ordinat
385 1269 521 1314 quidem
539 1282 601 1313 per
617 1269 699 1301 haec
718 1268 844 1302 Paulus
863 1269 1036 1302 ecclesiam
1055 1267 1134 1307 Dei,

0 1340 28 1364 ut
57 1330 142 1364 nihil
167 1331 297 1364 adversi
319 1330 532 1376 principibus
558 1339 589 1363 et
612 1331 834 1375 potestatibus
856 1330 984 1364 saeculi
1007 1342 1134 1371 gerens,

0 1405 55 1438 per
77 1393 224 1438 quietem
250 1401 282 1425 et
304 1391 580 1436 tranquillitatem
605 1392 700 1432 vitae,
726 1405 812 1437 opus
836 1391 981 1438 justitiae
1004 1401 1036 1424 et
1058 1391 1132 1436 pic-

0 1455 69 1488 tatis
94 1463 254 1488 exerceat.
301 1453 338 1486 Si
364 1453 453 1486 enim
477 1467 665 1498 ponamus,
701 1454 794 1487 verbi
820 1454 934 1495 gratia,
960 1456 1133 1487 credentes

0 1515 131 1549 Christo
163 1515 386 1559 potestatibus
417 1515 541 1548 saeculi
571 1528 644 1547 non
678 1528 745 1548 esse
781 1515 970 1561 subjectos,
1005 1515 1132 1548 tributa

0 1591 66 1611 non
85 1578 239 1616 reddere,
262 1589 325 1609 nec
350 1576 519 1618 vectigalia
546 1576 724 1620 pensitare,
748 1576 834 1610 nulli
852 1577 1023 1616 timorem,
1047 1577 1133 1609 nulli

0 1639 164 1672 honorem
191 1639 334 1678 deferre,
356 1651 474 1671 nonne
496 1651 559 1683 per
575 1639 658 1672 haee
683 1647 855 1672 rectorum
880 1647 911 1671 ct
934 1638 1130 1683 principum

87 1804 123 1849 ¹)
146 1804 250 1837 Deest
273 1808 396 1846 ‚‚ergo“
419 1803 453 1837 in
474 1804 678 1837 editionibus
702 1804 835 1838 Erasini
860 1815 892 1839 et
906 1805 1132 1840 Genebrardi,

0 1850 107 1883 Ceteri
130 1849 212 1883 editi
234 1848 281 1894 (v.
307 1863 333 1883 c.
359 1850 436 1883 edd.
461 1850 531 1893 M.)
562 1850 688 1882 habent
721 1851 866 1890 ‚,enim.“
919 1851 989 1885 Sed
1015 1865 1132 1886 omncs

0 1895 74 1930 Mss.
99 1905 132 1929 et
153 1895 333 1930 Rabanus:
358 1900 490 1937 ‚,ergo.“
518 1895 558 1928 R.

85 1950 123 1995 ²)
147 1951 268 1984 Matth.
293 1950 404 1990 XXV,
431 1952 484 1985 21.

85 2007 124 2051 ³)
147 2007 236 2039 Edd.
261 2006 417 2040 Mei-lini:
440 2020 541 2051 supra
566 2019 674 2052 pauca
700 2015 760 2040 etc.

86 2063 124 2106 ⁴)
147 2062 371 2095 Desideratur
393 2067 481 2102 „est“
505 2062 539 2096 in
565 2064 640 2097 cdd.
666 2063 714 2095 Μ.

88 2119 124 2162 ⁵)
149 2118 164 2150 I
189 2118 339 2151 Timoth.
363 2119 388 2158 I,
413 2119 447 2153 9.
474 2119 526 2154 10.
621 2119 658 2164 6)
684 2119 785 2152 Ριοηῑ.
809 2120 904 2160 ΧῙΠ,
927 2121 958 2154 5.
984 2121 1014 2156 6.

87 2174 124 2219 ⁷)
149 2174 205 2208 Sic
230 2186 349 2206 omnes
372 2173 450 2207 Mss.
473 2175 590 2208 nostri.
627 2176 719 2210 Editi
743 2189 822 2209 vero
847 2176 894 2219 (c.
918 2179 1035 2212 aedd.
1052 2179 1144 2224 M),

0 2229 28 2253 et
49 2219 228 2253 Rabnnus:
259 2219 432 2265 „Ideoque
458 2221 652 2254 necessitate
682 2221 806 2255 subditi
833 2231 957 2263 estote,
979 2237 1049 2258 non
1074 2239 1130 2258 502

0 2265 66 2299 lum
92 2285 144 2305 -,
168 2266 225 2299 sed
251 2264 349 2300 etiam
373 2275 515 2311 propter
539 2267 801 2300 conscientian1“
823 2275 886 2301 etc.
910 2267 951 2302 R,
