1377 2454
186 84 254 119 238
457 83 634 116 Omemws
657 94 695 118 m
719 84 781 117 Ep.
806 93 853 117 An
879 84 1057 119 RomAwos

186 177 256 215 bat,
281 175 333 207 vel
359 174 453 218 quod
480 187 516 207 ex
534 174 568 216 1)
592 173 701 214 Esaia,
725 176 775 208 vel
801 175 896 219 quod
917 188 955 208 ex
979 176 1092 210 David
1116 177 1250 211 videtur
1274 193 1323 213 as-

187 246 356 276 sumtumt,
381 236 460 279 et²)
484 237 519 269 in
545 246 692 280 utroque
724 251 812 270 unus
843 238 1103 281 quodammodo
1128 253 1243 274 sensus
1269 255 1323 274 ex-

186 299 338 343 ponitur.
384 299 471 331 Nam
498 307 529 330 et
554 297 656 340 llic3)
693 298 784 331 oculi
808 298 847 332 iis
872 300 1007 339 dantur,
1032 300 1154 345 quibus
1179 316 1251 335 non
1278 303 1325 336 vi-

189 362 301 399 deant,
327 369 357 392 et
382 373 494 398 aures,
527 359 649 402 quibus
681 373 752 391 non
779 361 932 393 audiant:
970 371 1001 393 et
1030 362 1100 395 illic
1115 362 1150 406 ⁴²)
1178 373 1324 408 optatur,

187 431 225 454 ut
251 435 366 454 coram
392 421 470 465 ipsis
497 434 611 453 mensa
637 434 756 453 eorum
785 421 842 454 fiat
864 421 900 454 in
932 423 1110 466 laqueum,
1146 433 1178 456 et
1200 424 1236 457 in
1269 439 1325 458 ca-

186 484 354 527 ptionem,
378 492 409 515 et
435 483 467 514 in
494 482 765 518 retributionem,
791 492 822 515 et
846 483 879 515 in
903 485 1121 526 scandalum3
1144 495 1174 518 et
1198 495 1235 519 ut
1260 488 1323 519 ob-

186 555 367 578 scurentur
398 544 488 577 oculi
521 557 657 583 eorum,
689 558 731 576 ne
755 544 898 577 videant.
954 545 999 578 Et
1030 548 1208 590 quomodo
1241 549 1325 581 haec

189 608 290 648 digne
314 608 496 640 credantur
529 607 615 645 dici,
649 615 682 638 et
710 606 854 638 maxime
890 620 927 639 ex
959 620 1105 652 persona
1142 608 1265 642 Christi
1290 610 1325 642 in

188 668 338 707 Psalmo,
357 682 429 700 non
456 669 605 701 otiosum
631 667 762 700 videtur
786 670 974 704 ostendere.
991 671 1024 712 ⁵)
1072 670 1159 703 Vide
1186 683 1276 711 ergo,
1299 671 1326 704 si

188 731 256 763 hoc
297 731 406 762 modo
447 743 627 774 possumus
660 729 827 773 explicare
859 732 953 774 quod
987 732 1170 775 quaeritur.
1233 732 1328 765 Sicut

189 792 297 825 oculis
322 791 544 835 corporeisfi)
578 792 682 823 utitur
714 791 944 836 unusquisque
975 794 1016 825 ad
1050 794 1236 826 videndum
1260 794 1327 827 sive

187 855 292 893 bona,
316 854 384 886 sive
414 853 514 891 mala,
546 862 576 884 et
598 853 633 885 in
657 862 821 897 potestate
845 853 946 886 habet
977 856 1028 887 vel
1053 856 1182 887 elevare
1207 856 1327 888 oculos

189 917 231 948 ad
258 916 404 953 coelum,
426 923 457 946 et
476 927 539 958 per
562 915 607 952 id,
633 915 727 958 quod
754 914 852 953 videt,
879 915 1094 948 conditorem
1128 915 1196 960 ejus
1222 929 1327 957 agno-

187 990 292 1016 scere,
317 986 347 1008 et
374 977 569 1008 collaudare
585 985 784 1014 creatorem,
811 977 862 1008 vel
888 979 1043 1009 conferre
1069 979 1111 1009 ad
1136 979 1327 1021 spectacula

189 1039 279 1076 circi,
305 1039 355 1069 vel
377 1037 507 1075 theatri,
534 1037 584 1068 vel
600 1038 830 1080 quarumlibet
841 1039 1057 1071 sordidarum
1079 1039 1328 1071 oblectamenta

187 1101 367 1138 visionum,
393 1096 563 1142 quihus⁷)
585 1108 642 1130 aut
667 1100 708 1130 ad
737 1098 926 1138 libidinem,
951 1109 1008 1132 aut
1032 1101 1073 1133 ad
1100 1101 1329 1145 rapacitatem,

188 1163 240 1194 vel
265 1161 329 1194 alia
354 1173 509 1204 quaeque
534 1160 611 1192 vitia
628 1160 759 1192 animus
781 1160 1027 1194 inflammetur:
1052 1162 1096 1194 ita
1122 1162 1205 1194 mihi
1229 1162 1327 1194 intel-

187 1224 252 1265 lige
277 1222 426 1264 etiamg)
453 1221 584 1254 animae
611 1222 748 1260 oculos,
785 1223 907 1266 quibus
933 1223 987 1255 alii
1013 1232 1156 1256 utuntur
1179 1224 1328 1268 quidem,

188 1296 225 1318 ut
249 1287 390 1317 verbum
422 1284 488 1316 Dei
520 1293 551 1315 ct
583 1283 773 1316 doctrinam
812 1284 955 1317 veritatis
980 1294 1181 1325 agnoscant,
1215 1299 1253 1317 ac
1277 1299 1329 1317 sa-

187 1347 335 1392 pientiae
361 1345 429 1392 ejus
456 1345 608 1390 quotidie
634 1346 767 1389 capiant
799 1348 1009 1389 profectum3
1041 1346 1097 1379 alii
1121 1359 1200 1379 vero
1227 1357 1329 1380 utun-—

188 1419 244 1442 tur
279 1409 329 1441 his
364 1407 470 1440 oculis
511 1408 545 1439 in
579 1407 808 1445 contrarium,
845 1416 1034 1439 exercentes
1067 1408 1193 1440 scilicet
1224 1417 1328 1441 semet

288 1576 321 1621 Ι)
347 1576 436 1608 Edd.
466 1575 620 1607 Merlini:
647 1576 697 1607 dc.

284 1632 320 1677 ²)
345 1632 437 1664 Editi
470 1633 516 1675 (e.
543 1645 569 1663 c.
603 1632 679 1663 edd.
711 1629 798 1673 Μ.>;
830 1639 883 1669 „et
917 1629 951 1662 in
983 1640 1129 1674 utroque
1161 1632 1328 1675 quodam-

191 1679 298 1712 modo
325 1679 414 1710 idem
439 1691 552 1710 sensus
578 1675 791 1720 exponitur.“

285 1734 321 1777 ³)
346 1734 445 1766 Jesai.
469 1734 527 1771 Vl,
554 1734 606 1765 10.
631 1733 706 1765 coll.
733 1731 832 1764 Rom.
858 1731 918 1770 XI,
941 1731 972 1765 8.

191 1835 241 1868 XI
279 1789 471 1868 g)1¹('‚⁸³¹¹¹¹·
517 1789 648 1828 me,
690 1789 743 1822 22.
785 1790 839 1822 23.
876 1787 1067 1831 (valn.)
1107 1787 1184 1819 0011.
1227 1787 1329 1821 Rom.

287 1891 322 1932 ⁵)
350 1890 430 1923 Msc.
463 1890 541 1931 Reg.
575 1903 668 1922 num.
704 1888 816 1926 1639„
847 1887 1024 1927 Rabanus,
1060 1897 1091 1920 et
1122 1888 1200 1920 editi
1229 1888 1276 1932 (e.
1302 1902 1329 1920 c.

194 1937 271 1969 edd.
296 1935 381 1979 M.):
407 1937 639 1974 „ostendere.“
687 1933 799 1965 Ceteri
823 1932 900 1965 Mss.
925 1937 1150 1977 ‚‚exponere.“
1176 1933 1215 1965 R.

287 1991 324 2036 ⁶)
350 1992 438 2024 Edd.
462 1991 617 2024 Merlini:
644 1988 807 2034 corporis.

288 2047 325 2091 ⁷)
349 2047 440 2080 Editi
467 2048 514 2091 (v.
541 2060 566 2080 (τ.
593 2048 666 2079 edd.
693 2046 777 2088 M.):
802 2044 946 2088 „quibus
969 2054 1027 2076 aut
1049 2045 1250 2084 libidinem,
1273 2055 1330 2078 aut

194 2093 425 2137 rapacitatem,
453 2093 503 2124 vel
530 2093 592 2124 alia
626 2104 781 2135 quaeque
812 2089 887 2121 vitia
919 2102 1035 2122 amans
1072 2090 1146 2134 (aL,
1172 2105 1199 2122 v.
1226 2104 1252 2123 c.
1279 2091 1329 2122 ed.

194 2139 244 2170 M.
271 2138 304 2177 1.,
331 2137 474 2180 amens)
500 2137 747 2169 inflammetur:
772 2136 816 2167 ita
843 2135 926 2167 mihi
949 2134 1100 2176 intelligo
1134 2136 1195 2180 (al.
1221 2134 1327 2166 intel-

196 2183 287 2228 ligi,
323 2183 497 2215 Rabanus:
533 2180 769 2226 intelligere).
825 2179 907 2213 Msc.
944 2193 1048 2212 unus:
1086 2181 1151 2220 „ita
1185 2180 1240 2213 hic
1277 2179 1329 2212 in-

195 2228 338 2269 tellige.“
365 2228 402 2260 R.

287 2284 326 2326 ⁸)
351 2283 437 2317 Edd.
462 2282 616 2316 Merlini:
642 2282 775 2316 animae
801 2282 899 2315 etiam
925 2283 1052 2315 oculos.
