1320 2444
126 54 193 89 424
399 53 576 88 Omossms
600 63 638 88 m
661 53 723 88 ΕΡ.
746 62 795 88 An
821 54 1001 90 Rommos

125 145 238 179 simus.
292 143 375 179 Post
404 144 490 177 haee
523 143 623 178 dicit:
647 144 787 190 ‚,hoc¹)
822 156 901 186 ergo
936 159 1014 179 cum
1048 158 1265 178 consumma-

125 219 218 245 vero,
243 215 275 238 et
299 206 510 247 assignavero
536 206 576 239 iis
600 208 748 239 fructum
772 207 876 247 hunc,
899 206 1098 252 proficiscar
1110 220 1175 251 per
1206 220 1264 239 vos

124 269 161 301 in
187 267 396 312 Hispaniam.
452 268 532 301 Scio
559 268 668 307 enim,
698 268 863 312 quoniam
898 268 1035 302 veniens
1067 269 1109 301 ad
1133 282 1208 308 vos,
1231 268 1265 301 in

127 329 337 363 abundantia
360 329 610 363 benedictionis
639 329 764 363 Christi
788 330 954 363 veniam.“
999 330 1156 374 Vide‚²)
1187 344 1265 363 cum

128 400 254 435 quanta
279 392 409 424 cautela
435 391 713 433 consignaturum
739 404 774 424 se
798 392 945 424 fructum
971 391 1189 425 offerentium
1213 404 1267 424 re-

125 451 306 496 promittit.
368 452 449 496 Quo
489 463 586 498 putas
623 453 796 494 signaculo
830 454 979 486 fructum
1011 453 1116 487 sancti
1155 453 1267 498 operis

126 513 303 555 consignat
327 515 535 560 Apostolus?
580 515 643 547 Illo
669 524 766 559 puto,
791 528 860 559 quo
884 515 996 556 imago
1019 514 1086 548 Dei
1110 514 1268 559 exprimi—

125 584 191 614 tur,
214 577 282 609 hoc
307 586 373 615 est,
403 586 440 609 ut
471 576 507 610 in
531 577 740 621 complendo
767 589 871 621 opere
897 576 1040 622 nulla3)
1063 575 1104 610 sit
1135 576 1265 609 alienae

128 636 342 678 cogitationis
366 638 546 678 admixtio,
584 652 658 671 non
688 639 760 671 laus
786 639 828 671 ab
854 637 1050 671 hominibus
1075 647 1268 683 quaeratur,

125 698 186 731 sed
209 708 246 731 ut
268 699 304 732 in
328 700 542 745 simplicitate
568 700 680 733 cordis
704 700 762 744 qui
775 700 893 733 tribuit
911 701 1047 740 tribuat,
1070 709 1101 732 et
1123 713 1217 739 „non
1230 698 1266 742 ⁴)

128 771 166 792 ex
191 759 340 794 tristitia:
367 761 510 796 hilarem
539 762 628 795 enim
653 763 807 795 datorem
834 761 941 803 diligit
963 761 1089 794 Deus.“
1142 761 1268 793 Et‘ce-

126 829 199 854 tera
223 821 273 855 his
304 822 426 856 similia
459 823 517 869 qui
551 825 707 857 observat
730 824 766 856 in
797 837 901 869 opere
926 823 1010 863 Dei,
1045 836 1132 867 opus
1166 835 1266 855 suum

126 882 301 923 signaculo
329 885 462 918 divinae
489 885 643 925 imaginis
675 884 790 927 signat.
844 884 1003 929 „Cum⁵)
1027 897 1125 926 ergo,
1147 883 1268 929 inquit,

123 943 193 976 hoc
206 945 242 989 ⁶)
268 951 583 987 consummavero,“
606 956 688 979 tunc
713 959 797 991 „per
814 959 872 979 vos
896 947 940 979 ad
959 945 1160 990 Hispaniam
1183 958 1267 989 pro-

126 1005 288 1040 ficiscar.“
336 1007 509 1041 Promittit
538 1022 619 1042 sane
649 1009 776 1050 grande
806 1021 930 1041 munus
953 1006 1132 1046 Romanis,
1158 1015 1189 1039 et
1213 1006 1264 1039 di-

130 1068 190 1100 cit:
217 1068 308 1108 „scio
323 1068 360 1115 ⁷)
384 1069 492 1110 enim,
517 1070 680 1115 quoniam
704 1069 840 1102 veniens
864 1070 907 1102 ad
934 1082 1003 1109 vos,
1026 1069 1063 1102 in
1087 1068 1267 1102 abundan-

127 1129 173 1163 tia
204 1131 452 1165 benedictionis
477 1131 601 1165 Christi
624 1131 805 1165 veniam:“
832 1132 927 1175 quod
948 1129 1085 1164 nonnisi
1099 1142 1162 1175 per
1185 1130 1263 1174 Spi-

127 1190 231 1225 ritum
255 1202 409 1226 sanctum
444 1202 475 1225 et
505 1193 707 1238 prophetiae
736 1193 874 1234 gratiam
907 1192 1098 1237 pollicetur.
1154 1191 1266 1237 Supra

125 1253 304 1287 hominem
328 1268 478 1299 namque
503 1264 550 1289 est
573 1256 656 1288 haec
679 1254 764 1289 scire
788 1256 831 1287 de
854 1253 986 1294 futuris,
1010 1254 1105 1298 quod
1120 1267 1192 1286 non
1210 1266 1266 1286 so-

126 1315 198 1348 lum
223 1315 259 1349 in
283 1316 525 1350 benedictione
549 1315 690 1357 Christi,
721 1329 838 1349 verum
863 1315 963 1349 etiam
995 1315 1074 1360 οἰδ)
1097 1315 1132 1348 in
1157 1316 1268 1348 abun-

127 1376 243 1410 dantia
267 1377 514 1411 benedictionis
538 1387 698 1411 venturus
721 1378 762 1411 sit
786 1378 828 1411 ad
843 1377 880 1422 ⁹)
905 1390 974 1410 eos.
1011 1377 1052 1409 In
1067 1390 1135 1421 quo
1164 1386 1195 1410 et
1210 1389 1267 1410 ve-

125 1437 249 1472 nientis
293 1439 416 1480 gratia,
468 1448 501 1471 et
545 1438 802 1484 suscipientium
849 1438 975 1483 pariter
1020 1438 1139 1472 merita
1178 1439 1265 1472 desi-

126 1509 282 1540 guantur.

223 1628 258 1672 ¹)
284 1628 384 1662 Rom.
417 1628 502 1669 XV,
535 1629 589 1664 28.
618 1630 671 1665 29.
700 1649 740 1655 —
774 1629 862 1663 Edd.
895 1629 1052 1663 Merlini:
1076 1630 1159 1664 haec
1183 1643 1262 1673 ergo

126 1686 204 1706 cum
230 1683 292 1706 etc.

220 1729 257 1773 2)
282 1729 338 1763 Sic
363 1730 531 1766 Rabanus.
579 1730 660 1765 Mss.
685 1744 783 1771 vero,
815 1739 846 1763 ct
870 1730 950 1763 editi
971 1731 1018 1775 (e.
1044 1745 1071 1764 c.
1095 1732 1170 1766 edd.
1193 1731 1263 1776 Μ.)

126 1785 288 1819 omittunt
309 1793 440 1825 ‚‚cum.“
463 1789 503 1821 R.

221 1841 461 1919 ³)R12banus:
499 1845 614 1886 „nulla
652 1844 693 1877 sit
732 1841 862 1876 alienae
902 1842 1164 1877 conversationis
1203 1845 1264 1877 ad-

126 1886 279 1920 mixtio.“
335 1913 343 1920 .

221 1941 258 1988 ⁴)
283 1943 314 1975 II
340 1943 420 1977 Cor.
445 1945 506 1985 IX,
530 1946 559 1980 7.
586 1945 662 1978 coll.
686 1943 785 1979 prov,
809 1943 921 1984 XXII,
946 1943 977 1978 8.

221 2000 258 2044 ⁵)
282 2000 382 2033 Rom.
407 2001 484 2041 XV,
507 2002 560 2036 28.

219 2056 257 2100 ⁶)
281 2057 346 2089 Ed.
371 2057 419 2089 M.
445 2058 478 2089 I:
502 2057 640 2098 „l1aec,“
665 2057 718 2093 ed.
744 2056 792 2089 M.
816 2055 867 2089 II:
890 2055 999 2097 „hic.“
1023 2074 1065 2081 —
1090 2055 1160 2089 Cfr.
1183 2068 1258 2102 pag.

126 2100 198 2147 huj.
221 2111 293 2135 not.
319 2104 349 2134 1.

219 2157 256 2201 ⁷)
281 2157 381 2191 Rom.
406 2158 481 2197 XV,
505 2158 559 2195 29.
655 2156 690 2201 8)
715 2157 820 2190 Deest
842 2160 917 2197 ,‚et“
940 2156 975 2189 in
1000 2157 1076 2190 edd.
1099 2157 1148 2190 M.

220 2213 257 2257 ⁹)
281 2213 369 2247 Edd.
393 2213 548 2247 Merlini:
567 2215 608 2246 ad
624 2227 697 2247 eos:
722 2226 790 2258 quo
808 2222 888 2247 ct-
900 2212 1015 2255 gratia,
1032 2221 1063 2246 ct
1072 2211 1256 2257 suscipien-

125 2259 209 2294 tium
233 2259 353 2295 merita
375 2259 504 2304 pariter
525 2259 750 2302 designantur.
