1377 2454
320 66 675 101 COMMENTARJORUM
698 65 770 98 Lm.
795 65 869 98 VII.
1098 66 1163 102 127

37 158 117 192 dicit
142 157 344 202 Apostolus,
377 156 455 200 quia
486 154 838 199 „naufragaverunt¹)
870 167 887 187 a
914 154 1024 194 fide‚“
1055 157 1164 190 vocati

38 220 175 265 quidem
198 219 346 257 fuerunt,
371 219 429 251 sed
453 231 523 250 non
542 226 620 250 sunt
642 216 821 262 justificati.
861 216 905 249 Et
917 217 952 261 2)
977 219 1163 251 secundum

37 279 208 323 Evangelii
241 280 420 325 parabolas
451 278 557 323 illi‚³)
591 279 633 311 ad
666 292 751 322 quos
782 277 873 310 missi
904 279 1038 311 fuerant
1068 280 1164 322 servi,

35 351 67 375 et
91 350 329 375 excusaverunt
355 355 398 381 se,
423 340 530 373 vocati
551 341 699 379 fuerunt,
724 342 782 373 scd
806 353 877 372 non
901 350 978 372 sunt
1002 340 1163 385 justifica-

35 403 76 436 ti:
109 413 141 436 et
170 403 286 446 ille‚⁴)
327 403 383 447 qui
415 402 577 444 ingressus
609 401 799 433 convivium
829 401 913 443 regis
943 415 1015 434 non
1048 404 1165 435 habuit

35 474 158 498 vestem
190 464 393 508 nuptialem,
425 473 560 496 vocatus
591 473 651 502 est,
684 464 742 495 sed
776 476 846 496 non
880 472 928 495 est
959 461 1167 508 justificatus.

37 526 124 559 Cum
153 539 231 568 crgo
257 527 337 558 haec
361 525 489 567 singula
513 523 605 568 ita⁵)
630 538 664 557 se
689 526 844 563 habeant,
871 526 1047 568 quomodo
1072 524 1165 558 vide-

36 588 130 620 bitur
154 600 249 620 verus
283 600 351 619 csse
375 599 486 618 sermo
523 585 689 630 Apostoli,
727 600 827 630 quem
859 585 911 617 vel
944 587 986 618 de
1020 599 1167 629 praeno-

35 649 178 687 scendo,
209 649 261 681 vel
296 649 337 680 de.
351 648 387 691 6)
416 646 717 691 praedestinando,
748 648 800 680 vel
835 647 877 678 de
911 648 1082 686 vocando,
1113 647 1166 680 vel

37 710 135 743 etiam
168 711 209 742 de
239 709 453 754 justificando
489 706 713 740 memoravit?
769 707 837 739 Sed
879 721 939 749 ego
979 709 1168 741 secundum

35 784 83 810 ea,
109 784 193 816 quae
216 784 316 816 supra
342 768 565 814 exposuimus,
595 769 771 813 quomodo
802 778 920 801 noscat
944 770 995 801 vel
1019 783 1166 814 praeno-

34 842 103 865 scat
127 833 236 871 Deus,
270 833 313 864 ad
339 830 618 864 consuetudinem
645 830 839 874 Scripturae
863 832 1077 864 redeundum
1101 845 1166 876 pu-

34 902 80 933 to,
107 906 192 938 quae
215 894 392 925 vernacula
426 894 572 936 quadam
598 891 825 935 appellatione
850 891 884 923 in
909 893 974 924 hoc
999 906 1167 933 sermone,

35 954 70 987 id
95 965 157 994 est,
188 954 223 986 in
249 955 485 996 cognoscendo
518 954 566 985 uti
590 954 692 986 solet:
726 954 817 986 velut
842 967 919 985 cum
945 953 1041 986 dicit:
1066 955 1168 999 „et⁷)

36 1016 194 1058 cognovit
219 1016 329 1048 Adam
346 1015 451 1047 Evam
470 1028 611 1047 uxorem
629 1027 722 1047 suam
733 1019 762 1046 :“
787 1028 850 1058 pro
865 1014 901 1058 ⁸)
927 1028 978 1054 eo,
1003 1025 1041 1048 ut
1062 1016 1169 1048 dicat:

36 1076 201 1109 admixtus
227 1086 275 1109 est
298 1076 394 1108 uxori
420 1089 506 1108 suae.
552 1077 598 1108 Et
628 1076 751 1108 iterum
776 1077 817 1108 de
841 1077 995 1109 Rebecca
1019 1077 1169 1122 dicit:⁹)

36 1138 149 1180 „virgo
165 1138 221 1182 ¹⁰)
247 1147 327 1177 emt,
352 1138 400 1169 vir
423 1151 495 1169 non
521 1147 723 1179 cognoverat
757 1143 862 1170 eam.“
909 1139 978 1171 Sed
1003 1148 1035 1171 et
1060 1140 1102 1172 de
1126 1139 1168 1171 fi-

36 1199 87 1232 liis
112 1199 190 1232 Levi
216 1200 425 1243 dicitur‚¹¹)
459 1212 535 1231 cum
568 1199 850 1242 praevaricatores
883 1200 1060 1243 punirent,
1091 1201 1170 1246 quia

36 1273 107 1292 non
139 1260 335 1302 cognoverit
365 1260 597 1304 unusquisque
625 1270 755 1304 patrem
786 1274 901 1300 suum,
935 1271 991 1294 aut
1025 1273 1170 1296 matrem

35 1334 140 1355 suam.
188 1323 227 1353 In
253 1322 392 1366 quo¹²)
424 1321 493 1354 sine
519 1320 625 1353 dubio
659 1322 724 1353 hoc
750 1322 954 1362 ostenditur,
989 1323 1066 1367 quia
1097 1338 1171 1358 non

34 1382 142 1428 junxit
173 1383 334 1415 affectum
363 1396 461 1415 suum
493 1392 525 1415 et
554 1395 706 1415 amorem
740 1397 816 1416 cum
848 1394 944 1428 patre
975 1386 1026 1418 vel
1050 1395 1170 1425 matre,

35 1444 104 1477 Sed
135 1452 166 1476 et
200 1444 306 1476 multa
341 1444 527 1476 secundum
560 1444 650 1476 hunc
682 1457 815 1477 sensum
848 1445 883 1478 in
918 1446 1100 1492 Scripturis
1126 1449 1169 1481 de

36 1505 272 1547 cognoscendo
306 1504 452 1537 invenies
485 1505 589 1537 dieta:
630 1515 662 1538 et
691 1505 769 1539 ideo
803 1507 902 1540 etiam
932 1508 968 1541 in
999 1510 1169 1553 praesenti

35 1568 114 1600 loco
141 1576 270 1599 constat
296 1567 501 1610 Apostolum
515 1567 702 1600 secundum
728 1568 922 1613 Scripturae
946 1584 1060 1604 sacrae
1084 1584 1167 1604 con-

131 1683 165 1728 ¹)
190 1685 206 1716 Ι
231 1684 319 1718 Tim.
344 1685 369 1724 Ῐ,
394 1685 446 1719 19,
541 1685 577 1729 ²)
603 1685 708 1719 Deest
730 1686 815 1725 ,‚Et“
839 1686 874 1719 in
900 1688 975 1720 edd.
1001 1688 1048 1721 M.

130 1740 166 1784 3)
191 1741 270 1773 Luc.
294 1741 387 1780 XIV,
412 1742 463 1775 17.
487 1755 579 1786 seqq.
675 1741 712 1786 4)
737 1742 859 1777 Matth.
883 1743 995 1783 XXII,
1023 1746 1074 1780 11.

131 1796 166 1840 ⁵)
190 1797 254 1830 Ed.
275 1798 323 1830 M.
347 1797 396 1830 II:
421 1797 487 1836 „sic
511 1811 546 1830 se
570 1797 748 1830 habeant.“
795 1798 835 1830 In
861 1799 911 1832 ed.
936 1800 985 1833 M.
1009 1799 1033 1834 Ι.
1057 1813 1170 1846 neque

118 1845 136 1860 “
156 1855 267 1886 neque
290 1841 377 1882 „sic“
401 1842 530 1884 legitur.

129 1897 166 1942 ⁶)
190 1898 294 1931 Deest
319 1899 404 1938 ‚,de“
426 1898 462 1930 in
487 1899 562 1931 edd.
590 1899 641 1931 M.

133 1951 169 1995 ⁷)
194 1952 259 1986 Sic.
290 1954 375 1987 Msc.
414 1967 502 1986 unus
539 1955 620 1994 Reg.
659 1968 752 1986 num.
788 1955 882 1990 1639.
944 1954 1056 1989 Ceteri
1090 1970 1171 1990 vero

38 1997 129 2036 Mss„
155 2007 187 2030 et
209 1998 288 2030 editi
318 1999 364 2042 (v,
398 2013 424 2031 c.
459 2000 535 2032 edd.
568 1999 638 2044 M.)
671 1999 832 2033 omittunt
865 2002 1026 2040 ,‚Evam.“
1057 2003 1169 2035 Raba-

37 2055 117 2074 nus:
150 2043 328 2084 „cognovit
367 2054 477 2076 autem
508 2045 618 2077 Adam
642 2058 782 2078 uxorem
814 2051 929 2079 suam“
963 2056 1023 2079 etc.
1055 2047 1096 2080 R.
1128 2066 1168 2072 —

40 2086 108 2120 Cfr.
136 2087 257 2120 Genes.
283 2088 339 2127 IV,
365 2092 393 2124 1.

131 2142 168 2185 8)
192 2144 369 2176 Rabanus:
394 2159 477 2189 „pro
502 2158 542 2178 eo
569 2146 663 2190 quod
687 2155 724 2178 ut
748 2145 857 2178 (licat“
882 2155 943 2179 etc.
968 2148 1007 2180 R.

133 2199 170 2242 ⁹)
194 2199 282 2232 Edd.
307 2200 459 2233 Merlini:
486 2200 616 2237 dicitur.
714 2202 770 2246 ¹⁰)
797 2201 919 2235 Genes.
945 2203 1075 2243 XXIV,
1100 2204 1150 2238 16.

111 2253 166 2297 ¹¹)
192 2255 330 2288 Deuter.
356 2256 518 2295 XXXIII,
541 2257 570 2290 9⁴
670 2258 726 2301 ¹²)
750 2259 814 2290 Ed.
839 2259 887 2292 M.
913 2259 959 2291 II:
987 2272 1061 2303 qua.

39 1841 116 1882 ‚,ita‚
