1377 2454
306 122 658 156 COMMENTARIORUM
682 121 754 154 Lm.
781 121 870 153 VIII.
1084 123 1152 157 259

20 229 74 250 sus
98 211 228 247 oleastri
252 225 379 252 ramos,
414 225 500 257 quae
524 211 615 255 apud
639 211 717 244 illos
741 220 861 243 natura
884 211 1016 256 perdita
1042 212 1144 256 poni-

20 287 91 315 tur,
123 275 263 307 insertos
289 287 358 306 esse
390 273 493 307 radici
512 274 544 317 ¹)
569 281 602 305 et
624 272 823 317 pinguedini
848 272 965 307 olivae.
1015 274 1083 307 Sed
1107 273 1147 305 il-

19 337 57 371 h's
81 334 216 381 quidem
249 348 310 379 per
343 336 424 368 haec
456 335 554 368 facile
588 348 788 379 responsum
822 334 871 367 sit.
919 334 1149 367 Nihilominus

17 407 129 432 autem
160 396 259 429 etiam
294 396 409 436 nobis,
442 396 498 441 qui
529 411 631 429 unam
666 410 735 429 esse
764 406 919 429 naturam
944 397 1096 429 omnium
1111 395 1148 442 ²)

16 459 203 497 hominum,
227 458 297 491 imo
323 458 477 491 omnium
503 458 756 491 rationabilium
783 457 947 498 dicimus,
974 468 1005 490 et
1030 459 1070 491 ad
1096 471 1148 490 sa-

14 522 116 554 lutem
142 520 326 564 aequaliter
350 520 506 559 habilem,
536 530 567 552 et
592 521 633 552 ad
657 519 903 564 perditionem,
934 519 960 553 si
995 519 1150 561 negligat,

16 582 145 616 occurri
169 590 280 626 potest
305 591 337 614 et
366 581 448 614 dici:
475 583 652 626 quomodo
678 595 757 623 ergo
782 581 908 613 Paulus
934 581 1056 614 olivam
1083 582 1147 613 bo-

15 658 92 677 nam
118 653 150 676 et
173 644 355 676 oleastrum
380 643 494 687 ponit,
539 642 663 685 cum3)
692 642 828 687 utIque‚
864 643 890 676 si
922 657 1024 676 unam
1049 643 1147 676 sciret

15 719 83 739 esse
106 714 260 737 naturam
287 704 458 744 omnium,
497 704 617 737 diversi
650 704 778 746 generIS
809 705 973 737 arborum
997 719 1068 738 non
1092 704 1144 736 in-

15 766 214 800 troduxisset
239 766 455 811 exemplum?
510 766 706 799 Dicendum
741 780 819 809 ergo
854 768 897 799 ad
928 768 1025 799 haec:
1061 767 1145 799 sicut

15 828 122 861 omnis
148 829 287 861 materia
312 827 515 872 corporalis,
553 842 629 861 cum
655 828 727 861 sine
751 828 858 861 dubio
884 828 982 861 unius
1007 839 1146 861 naturae

12 889 68 930 sit,
104 903 166 934 per
189 889 377 923 accidentes
408 889 470 922 sibi
497 890 672 934 qualitates
698 890 842 923 diversas
867 890 991 935 species
1015 891 1148 934 profert

12 952 63 984 vel
95 965 298 996 corporum,
335 953 386 984 vel
423 952 603 992 arborum,
641 953 692 985 vel
718 953 919 985 herbarum:
945 951 988 984 ita
1014 961 1045 984 et
1069 965 1147 984 cum

12 1013 166 1045 omnium
197 1012 451 1045 rationabilium
482 1026 549 1045 una
574 1022 694 1046 natura
718 1013 776 1054 sit,
812 1013 941 1046 arbitrii
965 1013 1145 1057 proprii⁴)

11 1074 196 1118 aequaliter
220 1075 376 1107 libertate
408 1075 551 1113 donata,
582 1073 847 1120 uniuscujusque
880 1074 1010 1119 proprii
1034 1084 1147 1106 motus

12 1150 50 1168 ex
76 1135 205 1168 arbitrii
230 1145 395 1180 potestate
419 1135 555 1180 prolati,
581 1136 632 1167 vel
665 1136 707 1167 ad
732 1135 901 1175 virtutem,
922 1135 974 1168 vel
999 1136 1041 1167 ad
1068 1134 1144 1167 libi-

11 1196 124 1229 dinem
150 1196 335 1242 subjectam
359 1197 421 1230 sibi
446 1197 592 1229 animam
616 1197 858 1241 perducentes,
890 1197 940 1228 vel
972 1196 1006 1229 in
1031 1198 1145 1230 bonae

10 1271 101 1297 eam,
138 1259 188 1290 vel
225 1259 257 1290 in
292 1259 401 1292 malae
428 1258 558 1291 arboris
591 1257 784 1302 speciem⁵)
821 1260 988 1290 formant:
1027 1268 1063 1291 ut
1088 1269 1144 1292 aut

9 1320 99 1351 bona
125 1320 276 1364 arbel-⁶)
303 1320 450 1359 dicatur,
481 1320 506 1352 si
531 1333 592 1364 per
616 1319 745 1352 arbitrii
775 1329 976 1363 potestatem
1010 1321 1145 1362 elegerit

8 1381 108 1420 bona,
134 1391 191 1413 aut
214 1383 301 1415 mala
327 1382 472 1421 dicatur,
504 1381 530 1413 si
555 1380 691 1423 elegerit
714 1381 820 1413 mala:
859 1381 937 1425 et7)
961 1381 1008 1414 sic
1038 1396 1143 1415 unus-

10 1488 36 1508 c.
61 1475 136 1508 edd.
162 1475 247 1518 M.):
280 1486 334 1515 „et
368 1476 414 1508 ibi
448 1475 652 1508 severitatis“
686 1485 747 1508 eie.
773 1475 854 1508 Mss.
886 1475 1058 1520 plerique:
1087 1486 1141 1516 „et

9 1519 56 1553 ibi
80 1533 123 1552 ne
147 1521 349 1554 severitatis“
375 1525 435 1554 etc.
463 1522 502 1554 R.

101 1577 136 1619 ¹)
160 1576 252 1609 Editi
277 1578 323 1621 (v.
350 1591 376 1610 c,
402 1578 478 1609 edd.
505 1576 594 1618 M.):
618 1576 745 1615 „radici
762 1576 895 1620 pinguis
918 1577 1036 1609 olivae.
1070 1578 1139 1611 Sed

8 1619 71 1653 illis
97 1634 158 1665 per
183 1623 262 1654 haec
281 1622 387 1654 facilis
408 1622 585 1666 responsio
599 1622 661 1654 sit“
683 1622 737 1666 (in
758 1623 833 1655 edd.
854 1622 901 1655 M.
927 1623 1036 1654 deest:
1065 1623 1142 1667 sic).

9 1665 87 1699 Mss.
113 1666 268 1710 quidam:
303 1667 536 1712 „pinguedinis
571 1667 710 1705 olivae,“
749 1676 780 1699 et
809 1667 913 1710 paulo
938 1676 1017 1711 post
1042 1667 1143 1700 omit-

9 1719 84 1743 tunt
107 1712 267 1755 „quidem
279 1717 308 1753 ;“
344 1713 404 1746 sed
437 1712 521 1745 Msc.
555 1713 636 1754 Reg.
660 1725 753 1744 num.
783 1712 877 1747 1639.
904 1721 941 1744 ut
964 1712 997 1744 in
1024 1722 1141 1745 nostro

8 1763 108 1790 textu.
133 1757 173 1789 R.

99 1812 135 1856 ²)
160 1812 216 1846 Sic
240 1813 320 1847 Msc.
348 1814 430 1855 ch,
454 1826 547 1845 num.
566 1813 662 1847 1639.
688 1811 780 1845 Editi
797 1826 874 1845 vero
896 1812 944 1857 (e.
969 1826 1007 1852 c.‚
1031 1812 1057 1846 si
1083 1827 1138 1846 ex—

8 1857 132 1901 ceperis
169 1859 260 1898 imo,
298 1860 373 1891 edd.
412 1858 481 1900 'M.)
515 1857 693 1890 omittunt:
731 1857 907 1897 „omnium
952 1858 1143 1898 hominum,

7 1899 109 1934 im0.“
157 1903 267 1936 Ceteri
292 1904 370 1936 Mss.
397 1903 565 1947 (itemque
583 1905 659 1936 edd.
685 1903 750 1946 M.)
767 1904 908 1936 habent:
934 1903 1059 1944 ‚‚im0,“
1083 1905 1141 1937 sed

9 1946 185 1980 omittunt:
209 1949 385 1987 „omnium
410 1948 623 1981 hominum.“
647 1949 687 1980 R.

99 2002 136 2044 ³)
160 2003 248 2036 Edd.
274 2005 428 2037 Merlini:
455 2018 533 2037 cum
557 2004 693 2049 utique,
718 2003 744 2037 si
769 2005 881 2049 (deest
906 2006 938 2037 si
963 2005 997 2037 in
1022 2006 1073 2038 ed.
1091 2006 1141 2038 Μ.

10 2045 52 2091 Ι.)
78 2046 177 2080 sciret
201 2062 270 2082 esse
295 2059 451 2083 naturam
476 2063 581 2082 unam
607 2049 771 2090 omnium,
798 2050 919 2083 diversi
945 2060 1005 2084 ete.

99 2102 136 2147 ⁴²)
161 2104 266 2138 Deest
292 2106 463 2150 ,‚pr0prii“
487 2106 522 2138 in
549 2107 624 2138 edd.
650 2107 699 2139 M.

102 2159 137 2203 ⁵)
161 2160 250 2192 Edd.
275 2161 430 2193 Nleani:
456 2163 606 2195 formant
630 2162 787 2206 speciem.

99 2214 135 2259 ὃ)
160 2216 248 2249 Edd.
266 2217 419 2249 Merlini:
437 2217 567 2252 dicatur
583 2219 697 2259 arbor,
711 2218 736 2251 si
749 2238 788 2243 -
801 2217 960 2259 delegerit.
976 2217 1066 2249 bona
1081 2225 1141 2249 etc.

30 2313 37 2319 ·
100 2270 136 2314 ⁷)
161 2271 271 2304 Editi:
298 2282 352 2312 „et
376 2273 638 2318 unusquisque-‘⁴
661 2275 702 2307 R.
729 2294 769 2299 --
795 2274 884 2306 Edd.
910 2272 1065 2305 Merlini:
1088 2282 1142 2313 „et

0 2323 56 2360 ’,εις
79 2317 344 2361 unusquisque.“

791 2380 864 2414 17*

1 2424 15 2449 ,P
