1320 2444
355 50 707 84 COMMENTAMORUM
732 49 805 83 Lm.
829 50 872 84 X.
1115 51 1184 86 423

43 152 93 175 tus
119 149 294 184 acceptum
330 139 590 172 immortalitatis
624 148 656 171 et
688 139 1016 184 incorruptibilitatis
1041 153 1180 174 censum

43 204 75 236 in
93 202 127 246 Ι)
155 201 311 246 paradiso
343 201 492 244 perdidit
522 201 741 245 persuasione
770 202 949 245 serpentis:
983 201 1062 244 1²1²)
1099 201 1178 235 ideo

43 264 211 296 debitores
231 263 234 266 ’
251 262 420 295 efficimur
458 276 591 302 omnes,
634 272 805 306 quotquot
849 262 883 295 in
923 262 1179 296 similitudinem

43 326 164 359 Adami
189 326 277 357 sorte
307 322 604 368 praevaricationis
629 323 876 365 adstringimur.
931 324 1065 357 Idcirco
1098 337 1179 367 crgo

43 397 74 420 et
98 395 277 431 praecepta
303 386 492 424 donantur,
526 393 560 416 ut
592 384 704 416 debita
730 386 972 429 persolvamus.
1019 386 1181 431 Denique

42 458 73 481 et
96 449 130 481 in
143 447 179 491 3)
205 445 389 487 Evangelio
415 445 571 478 Salvator
593 445 636 477 ita
663 446 761 478 (Ιὶςὶῑτ
788 460 885 486 „cum
899 447 935 491 ⁴)
952 457 1064 480 autem
1089 448 1178 480 sece-

41 510 109 543 ritis
134 509 261 547 omnia,
286 507 419 552 quae5)
444 507 602 551 praecepi
627 507 732 546 vobis,
758 507 867 548 dicite,
892 509 969 552 quia
990 509 1076 542 servi
1101 509 1178 542 inu-

40 572 114 604 tiles
137 583 271 604 sumus:
296 570 390 613 quod
417 568 595 602 debuimus
619 570 749 608 facere,
785 570 958 603 fecimus.“
1012 569 1061 603 Ea
1086 583 1179 609 vero,

41 645 128 676 quae
150 645 251 676 supra
279 630 428 662 debitum
455 629 613 669 facimus,
654 643 726 663 non
752 631 892 664 facimus
918 644 955 664 ex
978 631 1177 676 praeceptis.

41 693 147 726 Verbi
173 705 281 731 causa,
306 691 473 732 virginitas
488 705 559 724 non
574 705 611 724 ex
629 691 743 724 debito
769 692 929 725 solvitur:
952 705 1064 736 neque
1087 693 1178 725 enim

40 768 102 799 per
134 762 354 798 praeceptum
388 752 569 796 expetitur,
606 754 664 786 sed
697 766 799 798 supra
838 753 992 786 debitum
1024 756 1177 787 offertur.

41 816 130 849 Audi
157 815 304 859 denique
328 813 474 846 Paulum
499 813 685 846 dicentem:
718 814 829 859 ‚,de⁶)
857 815 1042 856 virginibus
1065 826 1177 849 autem

38 886 259 922 praeceptum
286 875 429 908 Domini
454 889 527 908 non
553 876 697 909 habco.“
744 876 801 908 Sic
825 888 905 917 ergo
930 878 973 909 de
995 878 1181 922 spirituali-

39 941 102 972 bus
126 947 157 971 et
179 936 440 982 perfectioribus
465 935 796 981 communionem7)
822 938 920 971 dixit:
943 939 985 971 de
1007 939 1178 973 inferiori-

40 1002 104 1033 bus
131 1013 210 1032 vcro
247 1007 278 1031 et
310 997 501 1030 carnalibus
535 998 685 1030 debitum
719 998 944 1032 ministerium
979 1000 1178 1033 nominavit.

39 1061 162 1105 Egoss)
187 1070 299 1093 autem
324 1073 387 1104 per
411 1058 609 1104 hujusmodi
634 1059 856 1094 ministerium
883 1061 983 1094 etiam
1007 1062 1091 1094 illud
1116 1063 1199 1102 ad-v<

39 1124 241 1156 vertendum
266 1131 364 1166 puto,
389 1122 483 1165 quod
510 1130 556 1153 est
579 1120 613 1152 in
637 1120 797 1154 Psalmis:
821 1123 950 1167 „qui⁹)
975 1123 1055 1155 facit
1077 1135 1177 1165 ange-

40 1186 93 1218 los
117 1198 197 1218 suos
218 1183 372 1228 spiritus,
410 1191 442 1215 et
472 1181 642 1215 ministros
673 1196 752 1216 suos
785 1184 957 1217 flammam
987 1184 1110 1225 ignis:“
1141 1194 1177 1218 ut

40 1247 169 1280 scilicet
194 1246 330 1285 angelos
355 1245 488 1283 bonos,
522 1243 657 1288 spiritus
681 1245 901 1289 appellaverit
925 1255 1085 1290 tanquam
1107 1247 1176 1291 spi—

40 1309 186 1347 rituales,
211 1320 269 1340 cos
292 1318 391 1343 vem,
424 1305 482 1349 qui
506 1315 667 1350 praesunt
690 1305 880 1340 ministeriis
910 1320 1120 1350 poenarum,
1146 1318 1178 1341 et

39 1371 191 1402 flammas
215 1366 450 1412 peccatoribus
476 1377 616 1410 parant,
647 1367 816 1400 ministros
848 1368 1006 1401 flammae
1031 1370 1178 1403 ardentis

39 1427 346 1471 nominaverit.'⁰)
400 1428 493 1460 Haec
526 1428 676 1472 quamvis
708 1441 771 1473 per
802 1442 969 1462 excessum
1004 1432 1177 1474 quendam

41 1493 128 1525 dicta
152 1504 220 1524 esse
244 1489 430 1529 videantur,
455 1498 565 1522 tamen
586 1489 664 1534 quia
679 1490 775 1523 locus
789 1491 977 1531 admonuit,
1001 1506 1073 1525 non
1089 1494 1176 1526 omi-

136 1606 170 1649 1)
194 1605 282 1637 Edd.
306 1603 462 1637 MerlinI:
487 1606 636 1649 perdidit
657 1607 691 1639 in
719 1606 888 1650 paradiso.

131 1662 168 1704 2)
192 1661 280 1693 Edd.
305 1660 461 1693 Merlini:
496 1670 527 1693 ct
557 1662 635 1693 ideo
668 1661 838 1695 debitores
871 1676 986 1697 sumus
1012 1674 1043 1696 et
1067 1666 1173 1698 effici—

42 1722 118 1740 mur
144 1719 273 1745 omnes,
296 1706 354 1749 qui
378 1706 413 1738 in
438 1706 667 1740 similitudine.

133 1762 171 1805 ³)
194 1762 283 1794 Edd.
307 1761 463 1794 Merlini:
489 1763 524 1794 in
548 1763 720 1804 evangelio
744 1763 789 1796 ita
813 1763 967 1798 Salvator
993 1765 1075 1799 dicit
1098 1776 1159 1799 etc.

134 1820 171 1862 ⁴)
195 1819 274 1850 Luc.
299 1818 418 1858 XVII,
445 1819 497 1851 10.

135 1874 171 1916 5)
196 1874 276 1906 Mss.
300 1874 413 1917 plures
444 1874 612 1919 (itemque
636 1875 712 1908 edd.
746 1875 830 1920 M.):
862 1890 968 1920 „quae
999 1878 1174 1923 praecipio

41 1919 166 1953 vobis.⁸‘
191 1918 230 1951 R.

133 1974 170 2017 ⁶)
196 1975 210 2006 I
234 1974 313 2007 Cor.
337 1975 412 2015 Vll,
435 1975 488 2008 25.

135 2029 171 2073 7)
194 2029 286 2062 Editi
310 2031 357 2074 (V.
383 2044 409 2063 c.
436 2031 509 2062 edd.
537 2030 620 2074 ΜΛ)
645 2045 852 2072 „commune
875 2033 988 2066 dixit.¹‘
1012 2033 1052 2066 R.

135 2085 172 2128 ⁸)
196 2086 280 2118 NIsc.
307 2086 389 2125 Reg.
413 2099 505 2118 num.
529 2085 626 2120 1639.
663 2086 774 2129 „Ergo
806 2102 868 2133 per
890 2087 1087 2134 hujusmodi
1109 2091 1174 2124 mi-

43 2132 238 2165 nisterium“
268 2140 326 2163 etc.
353 2130 392 2163 R.

135 2186 172 2230 9)
196 2186 319 2220 Psalm.
345 2185 433 2226 CIV,
455 2186 486 2219 4.
510 2186 637 2231 (CIII.)
663 2189 739 2221 coll.
763 2187 867 2221 Hebr.
891 2189 918 2229 I,
945 2189 976 2222 7.

119 2242 176 2287 ¹⁰)
202 2242 293 2277 Editi
316 2243 364 2288 (v.
390 2256 417 2276 c.
443 2243 521 2276 edd.
547 2243 633 2289 M.):
658 2243 897 2286 ,‚n0minavit.“
921 2245 1024 2279 Male.
1047 2246 1084 2278 R.
