1320 2444
288 50 639 84 COMMENTARIORUM
670 50 742 82 Lm.
774 50 833 84 IX.
1071 51 1136 87 297

16 144 103 178 enim
127 139 247 186 accipit
262 140 296 186 ¹)
329 141 401 187 quis
433 155 451 174 a
474 140 569 180 Deo,
603 149 641 172 ut
662 138 768 183 sapim
792 140 828 173 in
854 151 958 184 opere
981 140 1136 179 caritatis,

15 215 71 239 aut
98 213 134 237 ut
164 202 270 248 sapiat
292 202 326 235 in
356 202 472 236 officio
497 201 667 240 visitandi,
699 210 756 233 aut
789 213 864 242 erga
889 201 1138 234 misericordias

13 279 210 312 pauperum,
235 274 292 298 aut
319 264 408 297 circa
434 263 596 297 debilium
624 275 750 301 curam,
777 271 833 295 aut
858 275 932 303 erga
957 262 1135 295 viduarum

12 335 44 360 et
65 326 274 371 pupillorum
300 324 549 363 defensionem,
573 332 629 355 aut
653 337 729 365 erga
753 323 986 368 hospitalitatis
1010 324 1137 357 sollici-

10 387 171 420 tudinem.
218 388 313 420 Haec
347 399 424 429 ergo
457 385 584 426 singula
619 383 726 417 divisit
756 384 939 429 unicuique
969 386 1063 418 Deus
1087 399 1138 418 se-

11 449 158 481 cundum
191 461 382 481 mensuram
407 446 495 480 fidei.
543 446 610 479 Sed
642 445 669 478 si
693 445 734 484 is,
766 446 824 490 qui
854 446 1031 491 accepit2)
1064 459 1138 487 gra-

9 509 107 549 tiam,
139 518 176 542 ut
207 511 248 542 de
272 522 342 542 uno
368 508 482 552 aliquo
508 508 631 540 horum
657 517 806 550 saperet,
829 508 950 551 n0n3)
974 508 1138 549 intelligat

9 583 200 603 mensuram
224 570 347 612 gratiae
369 569 433 602 sibi
459 570 565 608 datae,
588 569 646 601 sed
667 569 745 601 velit
767 582 884 613 sapere
910 571 950 602 de
974 569 1137 615 sapientia

8 631 84 672 Dei,
108 633 150 664 de
173 632 277 664 verbo
303 631 487 670 doctrinae,
512 630 553 662 de
568 630 804 674 profundioris
816 629 973 663 scientiae
996 631 1138 670 ratione,

7 692 44 725 in
76 706 144 737 quo
177 692 314 735 gratiam
346 705 416 724 non
451 690 593 735 accepit;
627 700 658 723 et
688 704 758 723 non
792 700 860 723 tam
893 691 1020 725 discere
1053 693 1138 731 velit,

9 766 109 798 quam
143 754 268 787 (locere
298 765 384 797 quae
417 752 538 785 nescit:
567 752 626 785 iste
660 766 737 785 cum
769 752 879 786 minus
908 753 1031 798 sapiat,
1061 755 1137 798 plus

9 816 79 848 vult
125 828 243 860 sapere
275 828 375 858 quam
401 822 546 858 oportet.
604 815 684 846 Non
717 814 806 847 enim
831 815 918 859 sapit
942 817 983 848 ad
1008 825 1140 860 tempe-

7 876 160 917 rantiam,
183 886 220 909 ut
244 876 410 909 custodiat
432 875 637 920 „unicuique
649 874 684 916 ⁴)
708 876 793 909 sicut
809 876 919 910 divisit
936 876 1029 909 Deus
1042 890 1139 909 men-

7 950 120 971 suram
145 938 257 971 fidei.“
302 938 430 969 Verum
455 946 492 969 ut
519 936 703 970 evidentius
727 938 838 971 adhuc
865 938 954 982 de5)
968 938 1018 971 his
1042 940 1140 983 Apo-

8 1000 113 1033 stolus
128 999 323 1040 designaret,
336 997 372 1043 6)
388 998 576 1031 introducit
599 999 801 1043 exemplum,
828 1007 859 1031 et
871 998 967 1032 dicit:
983 999 1089 1039 „sicut
1102 999 1138 1044 ⁷)

10 1061 99 1094 enim
123 1060 156 1093 in
182 1074 252 1092 uno
279 1072 424 1104 corpore
445 1060 551 1091 multa
568 1060 721 1092 membra
735 1059 910 1100 habemus,
934 1063 1087 1094 membra
1101 1061 1138 1105 ⁸)

9 1131 119 1154 autem
146 1121 261 1154 omnia
286 1134 358 1153 non
384 1122 529 1153 eundem
548 1130 658 1153 actum
677 1120 818 1153 habent:
842 1121 888 1154 ita
912 1123 1009 1155 multi
1030 1112 1138 1156 urium

10 1195 134 1227 corpus
170 1195 283 1215 sumus
321 1182 357 1215 in
394 1181 549 1221 Christo,
585 1181 705 1222 singuli
737 1192 848 1214 autem
881 1184 964 1216 alter
1003 1184 1138 1218 alterius

8 1245 162 1277 membra
174 1248 202 1276 :“
227 1243 473 1276 ordinatissime
496 1256 558 1287 per
582 1243 665 1276 haec
690 1256 901 1287 componens
927 1258 1030 1277 omne
1062 1258 1138 1278 cor-

7 1319 71 1351 pus
95 1304 270 1346 ecclesiae3
301 1314 338 1337 ut
367 1305 451 1338 sicut
473 1306 628 1337 membra
654 1305 809 1348 corporis
831 1304 960 1347 singula
985 1320 1139 1352 quaeque

7 1366 166 1412 proprios
196 1367 323 1399 habent
346 1375 456 1405 actus,
495 1375 525 1398 et
549 1366 669 1399 officiis
693 1366 758 1400 suis
780 1369 1054 1412 unumquodque
1079 1370 1139 1402 de—

8 1429 121 1468 servit,
150 1441 213 1461 nee
244 1437 356 1460 tamen
381 1427 543 1472 possibile
567 1437 633 1467 est,
668 1437 704 1460 ut
726 1441 800 1461 non
825 1441 990 1462 consensu
1014 1440 1135 1463 mutuo

7 1491 71 1524 sibi
94 1490 235 1522 invicem
261 1489 398 1521 cedant:
429 1488 490 1528 ita,
528 1489 654 1533 inquit,
693 1499 724 1523 et
747 1490 781 1522 in
808 1489 956 1530 ecclesia,
981 1504 1067 1535 quae
1092 1502 1139 1525 est

9 1564 132 1595 corpus
164 1549 307 1590 Christi,
351 1551 496 1584 diversos
526 1551 648 1592 singuli
678 1551 842 1584 habemus
877 1560 978 1585 actus.
1033 1553 1138 1586 Verbi

103 1660 137 1704 ¹)
160 1660 250 1692 Editi
276 1659 323 1706 (v.
350 1674 376 1693 c.
402 1661 477 1693 edd.
501 1662 586 1706 list)
611 1662 764 1702 ‚,accidit‚
791 1672 826 1695 ut
850 1662 923 1707 quis
945 1676 962 1696 a
983 1663 1061 1696 Deo
1086 1678 1138 1698 sa-

7 1705 78 1750 piat
101 1706 136 1738 in
163 1709 287 1749 opere“
311 1705 435 1738 etc.P1.

99 1761 136 1805 ²)
161 1762 224 1794 Ed.
251 1761 301 1794 M.
329 1761 362 1794 I:
388 1763 518 1807 accipit.

99 1817 135 1863 ³)
163 1817 252 1850 Editi
277 1817 324 1861 (v.
351 1832 376 1851 c
396 1819 446 1851 ed.
464 1819 513 1851 M.
531 1819 609 1862 ΙΙ).
631 1833 722 1858 „non
740 1819 891 1860 intelligit
910 1825 1139 1883 ιῐῐι(ὶηει]ι“.ἰιῐι.“

8 1862 48 1895 R.
75 1882 115 1887 —
140 1862 201 1894 Ed
227 1862 274 1894 Μ.
300 1863 330 1895 I:
356 1873 409 1903 „et
432 1877 504 1896 non
527 1864 681 1905 intelligit
704 1869 917 1897 mensuram“
941 1874 999 1897 etc.

102 1916 138 1962 ⁴)
163 1918 263 1951 Rom.
286 1918 364 1959 ΧΠ,
394 1919 424 1953 3,
459 1940 498 1945 —
523 1919 611 1953 Edd.
637 1920 794 1953 Merliniz
825 1921 910 1954 sicut
933 1919 1026 1954 Deus
1054 1921 1136 1955 divi-

7 1962 46 1997 sit
68 1976 260 1996 mensuram
287 1973 346 1997 etc.

102 2019 138 2062 ⁵)
162 2019 323 2051 Desunt
313 2033 348 2051 m
364 2019 458 2053 editis
474 2020 520 2065 (v.
540 2034 565 2052 c.
586 2021 660 2053 edd.
675 2020 743 2064 M.)
768 2021 884 2053 verba:
910 2021 975 2060 „de
1000 2020 1080 2054 his.“
1098 2022 1138 2055 R.

101 2074 137 2118 ⁶)
163 2074 239 2107 Mss.
265 2074 372 2119 pleriq
376 2088 418 2108 ue
443 2085 474 2108 et
498 2075 927 2117 Rabanus:‚,ass1ona1et“
969 2076 1036 2108 Sed
1052 2077 1137 2110 Msc.

9 2118 90 2162 Reg.
114 2133 208 2152 num.
232 2119 328 2153 1639.
355 2129 386 2152 et
410 2120 488 2153 editi
515 2121 560 2165 (e.
586 2136 613 2155 c.
639 2123 713 2155 edd.
741 2122 806 2165 M.)
833 2131 868 2154 ut
892 2122 926 2153 in
950 2129 1049 2154 textu.
1076 2122 1115 2155 R

101 2174 137 2219 ⁷)
162 2174 262 2207 Rom.
287 2175 363 2215 XII,
387 2176 418 2209 4.
443 2178 473 2211 5.

100 2231 137 2274 ⁹)
160 2230 246 2265 Edd.
273 2231 428 2265 Merlini:
454 2233 567 2267 omnia
593 2244 703 2268 autem
730 2234 884 2267 membra
909 2244 979 2265 non
1006 2242 1064 2265 etc.
