1320 2444
151 68 219 104 362
422 66 601 100 Omessms
624 76 661 101 m
683 66 748 101 ΕΡ.
770 75 818 100 An
845 66 1024 103 Romnos

151 168 263 203 potest
286 171 373 192 unus
391 166 493 202 atque
515 158 607 192 idem
632 158 726 190 hona
748 157 849 191 simul
874 158 1037 203 recipere,
1062 168 1093 192 et
1115 160 1224 200 mala,
1247 178 1290 188 —

151 234 263 265 neque
288 220 377 252 enim
400 218 500 252 simul
539 228 571 251 et
602 219 638 252 in
670 220 866 264 paradisum
898 220 990 266 quis,
1026 230 1084 254 aut
1119 221 1155 254 in
1188 235 1291 263 regna

152 283 343 320 coelorum,
368 290 400 314 et
422 281 456 314 in
483 281 671 321 gehennam
697 280 782 314 mitti
802 290 913 326 potest
928 301 982 322 -—,
1006 281 1040 315 in
1052 282 1117 317 illis
1141 292 1289 316 tantum-

151 345 260 377 modo
285 342 454 376 rationem
481 342 567 375 boni
592 356 664 375 non
690 342 826 383 haberi,
857 343 892 376 in
923 342 1046 388 quibus
1070 345 1167 377 valde
1191 358 1290 389 prae-

150 406 347 451 ponderant
369 405 475 446 mala,
506 413 539 436 et
561 404 597 437 in
620 404 686 439 illis
712 404 881 438 rationem
913 405 994 438 mali
1017 418 1089 438 non
1113 405 1231 450 accipi,
1253 406 1288 439 in

150 467 275 511 quibus
298 467 577 511 praeponderant
600 467 712 506 bona,
737 475 768 499 et
791 466 826 499 in
850 466 973 511 quibus
996 467 1169 500 malorum
1192 467 1290 501 vesti-

149 529 201 570 gia
226 528 435 573 poenitentia
468 527 698 561 conversionis
723 527 879 562 abolevit.
933 528 980 562 Ut
1003 538 1115 562 autern
1139 531 1182 563 ad
1206 543 1290 574 pro-

150 590 251 634 positi
277 589 417 634 capituli
442 590 544 622 {inem
571 589 895 635 conclusionemque
910 591 1098 630 redeamus,
1123 604 1213 631 cum,
1236 591 1289 624 in-

149 652 233 695 quit,
257 660 346 684 tanta
372 651 413 684 sit
436 652 528 696 apud
553 651 667 684 Deum
699 661 730 684 et
761 653 853 696 apud
880 651 1052 685 Christum
1079 651 1149 699 ejus
1171 652 1290 699 judicii

148 713 278 752 veritas,
302 722 395 746 tanta
421 714 555 745 suturae
579 713 837 746 examinationis
861 714 1005 757 indago,
1028 728 1100 748 non
1117 714 1152 759 ¹)
1176 727 1288 757 ‚,ergo,

148 775 204 815 uit,
228 774 375 818 amplius
398 774 543 807 invicem
569 774 789 818 judicemus.“

239 835 380 879 ‚,Sed²)
415 837 482 868 hoc
507 835 655 881 judicate
678 837 800 878 magis,
834 850 878 870 ne
902 837 1036 882 ponatis
1060 839 1288 872 offensionem

148 898 254 938 fratri,
279 898 330 930 vel
361 899 594 931 scandalum.¹‘
639 897 742 938 „Hoc
776 897 924 943 judicate
936 903 964 939 ,“
988 900 1023 933 id
1045 908 1106 939 est,
1131 900 1199 933 hoc
1222 910 1287 933 sta-

146 960 247 999 tuite,
279 972 322 992 ne
348 973 410 1004 per
435 959 684 993 observantiam
707 960 866 992 ciborum
891 961 1145 1005 offensiones3)
1176 961 1288 994 fratri-

148 1024 212 1055 bus
239 1023 289 1055 vel
321 1022 481 1055 seandala
514 1021 688 1062 generetis.
736 1021 791 1054 De
822 1021 1014 1055 offensione
1044 1023 1096 1055 vel
1126 1024 1287 1056 scandalo

146 1084 214 1129 jam
238 1097 340 1128 supra
369 1083 525 1122 diximus,
551 1084 644 1127 quod
668 1084 867 1117 scandalum
891 1084 946 1123 sit,
972 1097 1050 1117 cum
1074 1083 1108 1117 iu
1133 1084 1197 1124 via,
1220 1098 1286 1129 qua

145 1146 324 1184 inceditur,
348 1145 475 1189 aliquid
501 1145 672 1178 invenitur
697 1143 881 1190 objectum,
906 1147 939 1178 in
953 1145 990 1189 4)
1014 1158 1083 1190 quo
1108 1147 1287 1179 offendant

145 1206 382 1241 scandentium
407 1207 458 1239 vel
483 1207 712 1240 incedentium
739 1208 852 1251 pedes.
898 1205 976 1239 Hoc
1001 1217 1048 1240 est
1072 1220 1163 1249 ergo,
1189 1209 1283 1251 quod

145 1270 323 1314 patiuntur
354 1268 407 1307 hi,
438 1269 497 1313 qui
521 1268 608 1301 viam
633 1268 714 1302 fidei
745 1282 857 1314 nuper
880 1267 1028 1309 ingressi,
1053 1269 1208 1313 priorum
1234 1270 1284 1302 vel

146 1330 436 1370 contentionibus,
462 1331 512 1363 vel
535 1329 758 1373 negligentiis,
792 1331 844 1363 vel
875 1340 1049 1363 contemtu
1076 1339 1109 1363 et
1131 1331 1284 1364 elationi-

145 1394 209 1426 bus
235 1393 477 1432 offenduntur,
509 1402 610 1437 atque
642 1392 803 1437 exemplis
834 1404 954 1425 eorum
985 1392 1161 1437 recussi5)
1192 1406 1285 1425 aver-

146 1463 265 1487 tuntur
290 1467 307 1485 a
333 1454 410 1486 fide.

146 1571 203 1594 tur
226 1559 328 1598 mihi,
360 1559 437 1604 quia
470 1573 542 1592 non
575 1569 686 1604 potest
718 1574 805 1592 unus
829 1569 929 1604 atque
953 1560 1043 1592 idem
1067 1560 1160 1593 hona
1184 1561 1284 1594 simul

148 1606 299 1650 recipere
325 1614 356 1637 et
385 1606 483 1637 mala.
532 1605 651 1648 Neque
683 1606 773 1638 enim
805 1606 906 1638 simul
943 1614 1000 1637 aut
1031 1606 1065 1638 in
1090 1606 1284 1649 paradisum

147 1665 232 1696 quis,
258 1659 314 1682 aut
337 1649 372 1682 in
397 1664 452 1690 reg,
446 1663 500 1682 na
526 1651 717 1690 coelorum,
741 1659 797 1683 aut
822 1651 856 1682 in
880 1650 1070 1690 gehennam
1095 1650 1181 1683 mitti
1206 1660 1283 1695 pot—

147 1706 202 1730 est.
264 1695 525 1739 Respondemus
557 1695 591 1727 in
630 1696 694 1728 illis
728 1696 968 1728 tantummodo
1000 1696 1168 1728 lationem
1198 1696 1283 1729 vitae

146 1744 261 1774 bonae
292 1754 363 1773 non
389 1741 523 1779 haberi,
558 1740 593 1772 in
626 1740 748 1784 quibus
781 1741 879 1773 valde
909 1741 1188 1784 praeponderant
1212 1741 1282 1783 (ed.

146 1787 196 1819 M.
224 1786 254 1817 l:
278 1785 578 1830 praeponderat)
603 1786 714 1819 mala“
738 1794 799 1819 etc.
824 1785 893 1819 Sed
918 1785 998 1818 Mss.
1024 1786 1142 1826 nostri,
1166 1796 1197 1819 et
1215 1787 1281 1821 Ra-

146 1833 255 1864 banus
279 1840 317 1863 ut
340 1832 374 1863 in
401 1840 500 1863 textu.
558 1856 565 1862 .

241 1884 276 1929 Ι)
302 1885 401 1919 Rom.
426 1887 518 1926 XlV,
543 1887 594 1920 13.
621 1906 662 1910 —
688 1886 776 1919 Edd.
800 1884 957 1919 Merlini:
990 1899 1084 1926 „non
1108 1899 1187 1929 ergo
1213 1901 1282 1920 am-

146 1931 235 1976 plius
250 1930 439 1976 judicemus
463 1933 641 1965 invicem.“

242 1986 280 2032 2)
306 1987 406 2020 Rom.
432 1987 526 2027 XIV,
552 1988 604 2021 13.
629 2007 671 2013 —-
696 1987 784 2021 Edd.
811 1986 966 2020 Merlini:
998 2000 1043 2020 ne
1073 1987 1207 2032 ponatis
1231 1988 1282 2020 of—

147 2033 358 2067 fendiculum
384 2032 478 2065 fratri
503 2043 564 2066 etc.

240 2089 279 2132 ³)
303 2087 392 2121 Edd‚
417 2087 573 2120 Merlini:
599 2087 837 2123 offensionem.

242 2145 279 2188 ⁴)
303 2143 412 2177 Editi:
436 2143 488 2184 „in
521 2158 590 2187 quo
617 2145 867 2177 offendentur.“
897 2144 1074 2177 Rabanus:
1107 2144 1162 2184 „in
1187 2142 1279 2186 quod

150 2191 359 2223 offendant.“
382 2189 422 2222 R.
445 2209 489 2215 -—·
513 2189 601 2221 Edd.
625 2189 779 2223 Merlini:
805 2190 860 2228 „in
891 2203 961 2234 quo
986 2189 1238 2223 offendantur.“

243 2246 279 2290 5)
304 2245 394 2279 l⁴diti
418 2246 465 2289 (v.
492 2260 519 2278 c.
545 2246 621 2278 cdd.
643 2245 721 2297 M)-
746 2255 779 2278 οἱ
804 2246 885 2279 Msc.
910 2259 1015 2279 unus.
1047 2242 1280 2295 „repe1cussi.“

150 2293 218 2326 Sed
244 2291 364 2326 rectius
389 2291 490 2326 ceteri
515 2291 592 2326 Mss.
617 2291 722 2325 nostri
748 2300 780 2326 et
804 2290 984 2325 Rabanus:
1008 2293 1170 2332 „recussi-⁴
1173 2285 1243 2320 ‘R
