1377 2454
150 554 429 597 ORIGENIS
470 552 1060 596 COMMENTARIORUM

581 664 619 686 n.-

371 743 826 777 EPISTOLAM

34 850 223 895 BEATI
256 849 446 895 PAULI
475 849 696 894 APOST.
730 849 811 894 AD
847 848 1166 895 ROMANOS

432 958 467 998 L
487 971 500 998 1
520 971 543 997 B
561 971 585 998 E
603 971 630 998 R
673 958 765 1000 VII.

36 1194 64 1226 1·
92 1159 212 1228 Sicut
244 1192 387 1226 diversas
422 1193 686 1226 commemorari
717 1194 803 1234 leges
833 1193 870 1225 in
895 1193 958 1226 hac
981 1192 1121 1237 epistola
1147 1206 1165 1226 a

34 1261 143 1293 Panflo
173 1261 235 1293 sub
270 1273 340 1291 uno
374 1261 543 1292 vocabulo
580 1260 659 1300 legis
693 1260 918 1299 ostendimus,
953 1269 984 1292 et
1021 1260 1166 1291 diversas

34 1332 158 1354 mortes
182 1322 245 1354 sub
272 1333 340 1352 una
366 1320 482 1353 mortis
508 1321 737 1365 appellatione
760 1321 953 1359 nominari,
982 1320 1026 1352 ita
1060 1329 1091 1352 et
1114 1319 1166 1352 di—

32 1396 143 1415 versos
166 1381 301 1426 spiritus
325 1395 417 1414 nuuc
442 1382 594 1415 videmus
617 1384 679 1414 sub
696 1397 766 1415 uno
786 1382 928 1416 nomine
942 1380 1086 1426 Spiritus
1110 1381 1164 1414 in-

33 1443 147 1476 dicari.
206 1443 262 1475 Ait
295 1456 372 1484 ergo
409 1444 443 1476 in
491 1444 658 1487 praesenti
690 1444 859 1488 capitulo:
898 1442 1164 1487 „quicunque¹)

32 1506 121 1538 enim
147 1504 275 1549 Spiritu
306 1504 372 1536 Dei
398 1515 559 1545 aguntur,
592 1505 675 1549 hi2)
709 1506 766 1537 filii
791 1514 870 1538 sunt
896 1504 1000 1537 Dei;“
1032 1504 1067 1536 in
1093 1517 1162 1547 quo

32 1567 146 1611 utique
169 1566 278 1610 ipsum
303 1565 369 1598 Dei
393 1566 557 1610 Spiritum
584 1567 673 1600 dicit.
720 1567 763 1599 Et.
786 1567 908 1599 iterum
934 1566 968 1598 in
992 1565 1163 1609 sequenti:

30 1626 169 1671 ‚,non³)
197 1627 285 1659 enim
312 1627 500 1671 accepistis,
531 1628 658 1672 inquit,
689 1629 843 1672 spiritum
856 1627 892 1672 ⁴²>
915 1626 1079 1660 servitutis
1102 1625 1163 1658 ite-

31 1702 106 1721 rum
130 1688 164 1721 in
189 1688 345 1722 timore.“
379 1689 418 1721 In
439 1689 505 1721 hoc
521 1690 678 1729 ostendit,
700 1689 855 1734 spiritum
870 1688 1033 1721 servitutis
1058 1687 1163 1720 alium

33 1763 109 1789 esse,
134 1763 234 1794 quam
277 1750 393 1789 illum,
423 1764 523 1795 quem
553 1765 655 1796 supin
690 1751 771 1783 dixit
801 1750 966 1794 Spiritum
996 1749 1073 1782 Dei.
1120 1748 1164 1780 Et

32 1820 210 1854 propterea
233 1810 419 1855 subjungit:
444 1813 570 1856 „sed5)
599 1813 768 1857 accepistis
790 1812 944 1857 spiritum
967 1810 1162 1856 adoptionis

32 1871 200 1911 filiorum,
222 1872 256 1904 in
282 1886 349 1916 quo
377 1875 576 1908 clamamus:
603 1876 721 1914 Abba,
753 1873 887 1907 Pater!“
911 1874 951 1905 In
974 1873 1041 1905 hoc
1063 1871 1163 1916 spiri·-

31 1943 102 1965 tum
130 1933 320 1977 adoptionis
346 1936 490 1968 ostendit
510 1935 620 1980 ipsum
640 1949 718 1974 esse,
743 1950 843 1980 quem
870 1935 950 1968 dixit
962 1948 1064 1978 supra
1083 1933 1162 1978 Spi-

31 1995 132 2027 ritum
157 1995 240 2035 Dei,
272 1996 313 2028 de
343 2010 410 2040 quo
439 2007 470 2029 et
494 1997 629 2042 repetit:
663 1997 804 2042 ‚,ipse⁶)
830 1997 918 2029 enim
945 1996 1089 2040 Spiritus
1112 2005 1161 2028 te—

125 2102 159 2146 1>
184 2101 285 2134 Rom.
309 2101 399 2141 vlu,
425 2103 480 2138 14.
574 2103 611 2147 2)
634 2103 723 2137 Edd.
748 2102 904 2135 merlini:
930 2102 954 2135 ii
978 2102 1039 2134 filii
1064 2110 1123 2134 etc.

121 2159 158 2201 ³)
181 2159 285 2194 Rom.
311 2156 400 2195 vm,
425 2160 476 2191 15.

122 2213 159 2256 ⁴²)
183 2213 272 2245 Edd.
291 2213 443 2246 Merlini:
467 2214 587 2247 iterum
613 2215 777 2248 servitutis
794 2215 948 2259 spiritum
974 2214 1009 2247 in
1027 2213 1162 2246 timore.

124 2268 160 2313 5>
182 2269 283 2303 Rom.
304 2269 396 2311 vul,
419 2270 469 2305 15.
563 2270 600 2314 ὗ)
625 2270 726 2306 Rom.
750 2271 841 2312 VIII,
865 2272 918 2307 16.
