<?xml version="1.0" encoding="UTF-8"?>
<!DOCTYPE html PUBLIC "-//W3C//DTD XHTML 1.0 Transitional//EN"
    "http://www.w3.org/TR/xhtml1/DTD/xhtml1-transitional.dtd">
<html xmlns="http://www.w3.org/1999/xhtml" xml:lang="en" lang="en">
 <head>
  <title>
</title>
<meta http-equiv="Content-Type" content="text/html;charset=utf-8" />
  <meta name='ocr-system' content='tesseract 3.04.00' />
  <meta name='ocr-capabilities' content='ocr_page ocr_carea ocr_par ocr_line ocrx_word'/>
</head>
<body>
  <div class='ocr_page' id='page_1' title='image "./operaomniaquaegr07orig_0088.png"; bbox 0 0 1377 2454; ppageno 0'>
   <div class='ocr_carea' id='block_1_1' title="bbox 157 87 1032 125">
    <p class='ocr_par' dir='ltr' id='par_1_1' title="bbox 157 87 1032 125">
     <span class='ocr_line' id='line_1_1' title="bbox 157 87 1032 125; baseline -0.002 0"><span class='ocrx_word' id='word_1_1' title='bbox 157 89 203 125; x_wconf 80' lang='lat'><strong>70</strong></span> <span class='ocrx_word' id='word_1_2' title='bbox 431 87 608 122; x_wconf 71' lang='lat' dir='ltr'><strong>Omonms</strong></span> <span class='ocrx_word' id='word_1_3' title='bbox 632 98 670 123; x_wconf 76' lang='lat' dir='ltr'><strong>m</strong></span> <span class='ocrx_word' id='word_1_4' title='bbox 692 92 753 124; x_wconf 77' lang='lat' dir='ltr'><strong>Ep,</strong></span> <span class='ocrx_word' id='word_1_5' title='bbox 778 97 825 122; x_wconf 79' lang='lat' dir='ltr'><strong>An</strong></span> <span class='ocrx_word' id='word_1_6' title='bbox 852 88 1032 123; x_wconf 66' lang='lat' dir='ltr'><strong>Rommos</strong></span> 
     </span>
    </p>
   </div>
   <div class='ocr_carea' id='block_1_2' title="bbox 163 176 1340 1457">
    <p class='ocr_par' dir='ltr' id='par_1_2' title="bbox 163 176 1340 1457">
     <span class='ocr_line' id='line_1_2' title="bbox 163 176 1299 224; baseline 0 -13"><span class='ocrx_word' id='word_1_7' title='bbox 163 178 253 211; x_wconf 81' lang='lat' dir='ltr'><strong>idem</strong></span> <span class='ocrx_word' id='word_1_8' title='bbox 280 177 466 223; x_wconf 82' lang='lat' dir='ltr'><strong>Apostolus</strong></span> <span class='ocrx_word' id='word_1_9' title='bbox 490 178 525 211; x_wconf 88' lang='lat' dir='ltr'><strong>in</strong></span> <span class='ocrx_word' id='word_1_10' title='bbox 547 178 618 211; x_wconf 80' lang='lat' dir='ltr'><strong>aliis</strong></span> <span class='ocrx_word' id='word_1_11' title='bbox 634 178 724 219; x_wconf 86' lang='lat' dir='ltr'><strong>dicit,</strong></span> <span class='ocrx_word' id='word_1_12' title='bbox 749 178 826 224; x_wconf 82' lang='lat' dir='ltr'><strong>quia</strong></span> <span class='ocrx_word' id='word_1_13' title='bbox 850 177 1075 223; x_wconf 78' lang='lat' dir='ltr'><strong>„apparuit¹)</strong></span> <span class='ocrx_word' id='word_1_14' title='bbox 1100 178 1136 212; x_wconf 85' lang='lat' dir='ltr'><strong>in</strong></span> <span class='ocrx_word' id='word_1_15' title='bbox 1158 176 1299 212; x_wconf 72' lang='lat' dir='ltr'><strong>novissi-</strong></span> 
     </span>
     <span class='ocr_line' id='line_1_3' title="bbox 163 240 1302 286; baseline 0 -13"><span class='ocrx_word' id='word_1_16' title='bbox 163 240 226 273; x_wconf 76' lang='lat' dir='ltr'><strong>mis</strong></span> <span class='ocrx_word' id='word_1_17' title='bbox 254 240 373 273; x_wconf 76' lang='lat' dir='ltr'><strong>diebus</strong></span> <span class='ocrx_word' id='word_1_18' title='bbox 397 241 440 273; x_wconf 81' lang='lat' dir='ltr'><strong>ad</strong></span> <span class='ocrx_word' id='word_1_19' title='bbox 466 240 728 273; x_wconf 77' lang='lat' dir='ltr'>destructionem</span> <span class='ocrx_word' id='word_1_20' title='bbox 749 240 916 286; x_wconf 76' lang='lat' dir='ltr'><strong>peccati:“</strong></span> <span class='ocrx_word' id='word_1_21' title='bbox 941 250 973 273; x_wconf 89' lang='lat' dir='ltr'><strong>et</strong></span> <span class='ocrx_word' id='word_1_22' title='bbox 987 240 1110 273; x_wconf 80' lang='lat' dir='ltr'><strong>iterum</strong></span> <span class='ocrx_word' id='word_1_23' title='bbox 1133 241 1302 285; x_wconf 82' lang='lat' dir='ltr'><strong>propheta</strong></span> 
     </span>
     <span class='ocr_line' id='line_1_4' title="bbox 165 302 1302 347; baseline 0 -13"><span class='ocrx_word' id='word_1_24' title='bbox 165 302 264 335; x_wconf 84' lang='lat' dir='ltr'><strong>dicit:</strong></span> <span class='ocrx_word' id='word_1_25' title='bbox 289 302 431 347; x_wconf 75' lang='lat' dir='ltr'><strong>„ipse²)</strong></span> <span class='ocrx_word' id='word_1_26' title='bbox 463 312 599 347; x_wconf 77' lang='lat' dir='ltr'><strong>peccata</strong></span> <span class='ocrx_word' id='word_1_27' title='bbox 632 312 746 336; x_wconf 82' lang='lat' dir='ltr'><strong>nostra</strong></span> <span class='ocrx_word' id='word_1_28' title='bbox 772 303 865 343; x_wconf 84' lang='lat' dir='ltr'><strong>tulit,</strong></span> <span class='ocrx_word' id='word_1_29' title='bbox 900 311 932 335; x_wconf 86' lang='lat' dir='ltr'><strong>ct</strong></span> <span class='ocrx_word' id='word_1_30' title='bbox 955 302 1147 347; x_wconf 76' lang='lat' dir='ltr'><strong>iniquitates</strong></span> <span class='ocrx_word' id='word_1_31' title='bbox 1170 311 1302 335; x_wconf 79' lang='lat' dir='ltr'><strong>nostras</strong></span> 
     </span>
     <span class='ocr_line' id='line_1_5' title="bbox 164 362 1302 409; baseline 0.002 -14"><span class='ocrx_word' id='word_1_32' title='bbox 164 363 343 408; x_wconf 22' lang='lat' dir='ltr'><strong>portavitss‘*</strong></span> <span class='ocrx_word' id='word_1_33' title='bbox 386 363 456 397; x_wconf 86' lang='lat' dir='ltr'><strong>Pro</strong></span> <span class='ocrx_word' id='word_1_34' title='bbox 478 374 617 409; x_wconf 82' lang='lat' dir='ltr'><strong>peccato</strong></span> <span class='ocrx_word' id='word_1_35' title='bbox 645 378 740 406; x_wconf 79' lang='lat' dir='ltr'><strong>ergo,</strong></span> <span class='ocrx_word' id='word_1_36' title='bbox 765 365 831 397; x_wconf 91' lang='lat' dir='ltr'><strong>hoc</strong></span> <span class='ocrx_word' id='word_1_37' title='bbox 856 373 919 404; x_wconf 89' lang='lat' dir='ltr'><strong>est,</strong></span> <span class='ocrx_word' id='word_1_38' title='bbox 941 377 1004 408; x_wconf 77' lang='lat' dir='ltr'><strong>per</strong></span> <span class='ocrx_word' id='word_1_39' title='bbox 1027 363 1173 397; x_wconf 68' lang='lat' dir='ltr'><strong>hostiam</strong></span> <span class='ocrx_word' id='word_1_40' title='bbox 1194 362 1302 397; x_wconf 79' lang='lat' dir='ltr'><strong>carnis</strong></span> 
     </span>
     <span class='ocr_line' id='line_1_6' title="bbox 165 425 1303 471; baseline -0.001 -13"><span class='ocrx_word' id='word_1_41' title='bbox 165 439 262 466; x_wconf 83' lang='lat' dir='ltr'><strong>suae,</strong></span> <span class='ocrx_word' id='word_1_42' title='bbox 297 439 398 470; x_wconf 82' lang='lat' dir='ltr'><strong>quam</strong></span> <span class='ocrx_word' id='word_1_43' title='bbox 431 425 556 458; x_wconf 78' lang='lat' dir='ltr'><strong>obtulit</strong></span> <span class='ocrx_word' id='word_1_44' title='bbox 577 432 641 470; x_wconf 80' lang='lat' dir='ltr'><strong>pro</strong></span> <span class='ocrx_word' id='word_1_45' title='bbox 666 435 824 471; x_wconf 79' lang='lat' dir='ltr'><strong>peccato,</strong></span> <span class='ocrx_word' id='word_1_46' title='bbox 855 425 1073 469; x_wconf 79' lang='lat' dir='ltr'><strong>damnavit3)</strong></span> <span class='ocrx_word' id='word_1_47' title='bbox 1105 435 1303 470; x_wconf 81' lang='lat' dir='ltr'><strong>„peccatum</strong></span> 
     </span>
     <span class='ocr_line' id='line_1_7' title="bbox 165 486 1303 533; baseline 0 -14"><span class='ocrx_word' id='word_1_48' title='bbox 165 486 201 519; x_wconf 81' lang='lat' dir='ltr'><strong>in</strong></span> <span class='ocrx_word' id='word_1_49' title='bbox 226 501 326 520; x_wconf 83' lang='lat' dir='ltr'><strong>carne</strong></span> <span class='ocrx_word' id='word_1_50' title='bbox 349 501 419 528; x_wconf 83' lang='lat' dir='ltr'><strong>sua,</strong></span> <span class='ocrx_word' id='word_1_51' title='bbox 442 497 481 520; x_wconf 90' lang='lat' dir='ltr'><strong>ut</strong></span> <span class='ocrx_word' id='word_1_52' title='bbox 504 486 696 533; x_wconf 77' lang='lat' dir='ltr'><strong>justificatio</strong></span> <span class='ocrx_word' id='word_1_53' title='bbox 721 488 800 529; x_wconf 80' lang='lat' dir='ltr'><strong>legis</strong></span> <span class='ocrx_word' id='word_1_54' title='bbox 825 487 1025 532; x_wconf 84' lang='lat' dir='ltr'><strong>impleretur</strong></span> <span class='ocrx_word' id='word_1_55' title='bbox 1048 486 1083 519; x_wconf 79' lang='lat' dir='ltr'><strong>in</strong></span> <span class='ocrx_word' id='word_1_56' title='bbox 1107 487 1219 527; x_wconf 80' lang='lat' dir='ltr'><strong>nobis,</strong></span> <span class='ocrx_word' id='word_1_57' title='bbox 1245 486 1303 531; x_wconf 79' lang='lat' dir='ltr'><strong>qui</strong></span> 
     </span>
     <span class='ocr_line' id='line_1_8' title="bbox 165 542 1340 593; baseline 0 -12"><span class='ocrx_word' id='word_1_58' title='bbox 165 562 238 581; x_wconf 89' lang='lat' dir='ltr'><strong>non</strong></span> <span class='ocrx_word' id='word_1_59' title='bbox 270 551 458 583; x_wconf 83' lang='lat' dir='ltr'><strong>secundum</strong></span> <span class='ocrx_word' id='word_1_60' title='bbox 489 563 625 582; x_wconf 83' lang='lat' dir='ltr'><strong>carnem</strong></span> <span class='ocrx_word' id='word_1_61' title='bbox 649 550 882 589; x_wconf 78' lang='lat' dir='ltr'><strong>ambulamus,</strong></span> <span class='ocrx_word' id='word_1_62' title='bbox 906 550 966 582; x_wconf 86' lang='lat' dir='ltr'><strong>sed</strong></span> <span class='ocrx_word' id='word_1_63' title='bbox 991 549 1180 582; x_wconf 87' lang='lat' dir='ltr'><strong>secundum</strong></span> <span class='ocrx_word' id='word_1_64' title='bbox 1204 548 1302 593; x_wconf 78' lang='lat' dir='ltr'><strong>spiri·</strong></span> <span class='ocrx_word' id='word_1_65' title='bbox 1336 542 1340 546; x_wconf 36' lang='lat'><strong>³</strong></span> 
     </span>
     <span class='ocr_line' id='line_1_9' title="bbox 166 609 1304 655; baseline -0.001 -12"><span class='ocrx_word' id='word_1_66' title='bbox 166 616 269 644; x_wconf 80' lang='lat' dir='ltr'><strong>tum.“</strong></span> <span class='ocrx_word' id='word_1_67' title='bbox 329 611 397 644; x_wconf 85' lang='lat' dir='ltr'><strong>Per</strong></span> <span class='ocrx_word' id='word_1_68' title='bbox 410 609 445 655; x_wconf 76' lang='lat'><strong>¹²)</strong></span> <span class='ocrx_word' id='word_1_69' title='bbox 483 612 569 644; x_wconf 83' lang='lat' dir='ltr'>hanc</span> <span class='ocrx_word' id='word_1_70' title='bbox 594 611 718 645; x_wconf 81' lang='lat' dir='ltr'><strong>etenim</strong></span> <span class='ocrx_word' id='word_1_71' title='bbox 742 610 888 644; x_wconf 81' lang='lat' dir='ltr'><strong>hostiam</strong></span> <span class='ocrx_word' id='word_1_72' title='bbox 919 610 1046 650; x_wconf 76' lang='lat' dir='ltr'><strong>carnis,</strong></span> <span class='ocrx_word' id='word_1_73' title='bbox 1078 623 1165 655; x_wconf 79' lang='lat' dir='ltr'><strong>quae</strong></span> <span class='ocrx_word' id='word_1_74' title='bbox 1190 610 1304 643; x_wconf 82' lang='lat' dir='ltr'><strong>oblata</strong></span> 
     </span>
     <span class='ocr_line' id='line_1_10' title="bbox 166 671 1306 718; baseline -0.002 -13"><span class='ocrx_word' id='word_1_75' title='bbox 166 682 215 705; x_wconf 83' lang='lat' dir='ltr'><strong>est</strong></span> <span class='ocrx_word' id='word_1_76' title='bbox 237 687 301 718; x_wconf 89' lang='lat' dir='ltr'><strong>pro</strong></span> <span class='ocrx_word' id='word_1_77' title='bbox 326 682 485 718; x_wconf 84' lang='lat' dir='ltr'><strong>peccato,</strong></span> <span class='ocrx_word' id='word_1_78' title='bbox 523 683 555 706; x_wconf 89' lang='lat' dir='ltr'><strong>et</strong></span> <span class='ocrx_word' id='word_1_79' title='bbox 578 673 750 706; x_wconf 80' lang='lat' dir='ltr'><strong>damnavit</strong></span> <span class='ocrx_word' id='word_1_80' title='bbox 772 682 967 717; x_wconf 75' lang='lat' dir='ltr'><strong>peccatum,</strong></span> <span class='ocrx_word' id='word_1_81' title='bbox 992 673 1058 705; x_wconf 91' lang='lat' dir='ltr'><strong>hoc</strong></span> <span class='ocrx_word' id='word_1_82' title='bbox 1083 682 1148 712; x_wconf 87' lang='lat' dir='ltr'><strong>est,</strong></span> <span class='ocrx_word' id='word_1_83' title='bbox 1178 671 1306 714; x_wconf 80' lang='lat' dir='ltr'><strong>fugavit</strong></span> 
     </span>
     <span class='ocr_line' id='line_1_11' title="bbox 165 733 1304 780; baseline -0.002 -13"><span class='ocrx_word' id='word_1_84' title='bbox 165 744 360 779; x_wconf 83' lang='lat' dir='ltr'><strong>peccatum,</strong></span> <span class='ocrx_word' id='word_1_85' title='bbox 390 744 422 768; x_wconf 86' lang='lat' dir='ltr'><strong>et</strong></span> <span class='ocrx_word' id='word_1_86' title='bbox 453 734 607 775; x_wconf 84' lang='lat' dir='ltr'><strong>abstulit,</strong></span> <span class='ocrx_word' id='word_1_87' title='bbox 637 745 676 768; x_wconf 91' lang='lat' dir='ltr'><strong>ut</strong></span> <span class='ocrx_word' id='word_1_88' title='bbox 707 734 900 780; x_wconf 70' lang='lat' dir='ltr'><strong>justificatio</strong></span> <span class='ocrx_word' id='word_1_89' title='bbox 931 734 1012 776; x_wconf 81' lang='lat' dir='ltr'><strong>legis</strong></span> <span class='ocrx_word' id='word_1_90' title='bbox 1043 733 1245 778; x_wconf 74' lang='lat' dir='ltr'><strong>impleretur</strong></span> <span class='ocrx_word' id='word_1_91' title='bbox 1267 733 1304 765; x_wconf 80' lang='lat' dir='ltr'><strong>in</strong></span> 
     </span>
     <span class='ocr_line' id='line_1_12' title="bbox 166 795 1304 841; baseline -0.001 -13"><span class='ocrx_word' id='word_1_92' title='bbox 166 796 283 836; x_wconf 82' lang='lat' dir='ltr'><strong>nohis,</strong></span> <span class='ocrx_word' id='word_1_93' title='bbox 315 796 373 841; x_wconf 85' lang='lat' dir='ltr'><strong>qui</strong></span> <span class='ocrx_word' id='word_1_94' title='bbox 396 798 503 839; x_wconf 84' lang='lat' dir='ltr'><strong>legem</strong></span> <span class='ocrx_word' id='word_1_95' title='bbox 528 797 716 829; x_wconf 88' lang='lat' dir='ltr'><strong>secundum</strong></span> <span class='ocrx_word' id='word_1_96' title='bbox 740 796 896 841; x_wconf 79' lang='lat' dir='ltr'><strong>spiritum</strong></span> <span class='ocrx_word' id='word_1_97' title='bbox 921 795 1150 836; x_wconf 83' lang='lat' dir='ltr'><strong>custodimus,</strong></span> <span class='ocrx_word' id='word_1_98' title='bbox 1176 803 1208 828; x_wconf 81' lang='lat' dir='ltr'><strong>et</strong></span> <span class='ocrx_word' id='word_1_99' title='bbox 1231 808 1304 827; x_wconf 89' lang='lat' dir='ltr'><strong>non</strong></span> 
     </span>
     <span class='ocr_line' id='line_1_13' title="bbox 166 858 1305 903; baseline -0.002 -12"><span class='ocrx_word' id='word_1_100' title='bbox 166 859 353 891; x_wconf 84' lang='lat' dir='ltr'><strong>secundum</strong></span> <span class='ocrx_word' id='word_1_101' title='bbox 379 872 531 891; x_wconf 82' lang='lat' dir='ltr'><strong>carnem:</strong></span> <span class='ocrx_word' id='word_1_102' title='bbox 556 858 591 890; x_wconf 89' lang='lat' dir='ltr'><strong>in</strong></span> <span class='ocrx_word' id='word_1_103' title='bbox 617 872 683 903; x_wconf 86' lang='lat' dir='ltr'><strong>qua</strong></span> <span class='ocrx_word' id='word_1_104' title='bbox 709 867 822 903; x_wconf 76' lang='lat' dir='ltr'><strong>parte,</strong></span> <span class='ocrx_word' id='word_1_105' title='bbox 848 859 1036 890; x_wconf 83' lang='lat' dir='ltr'><strong>secundum</strong></span> <span class='ocrx_word' id='word_1_106' title='bbox 1062 871 1110 898; x_wconf 76' lang='lat' dir='ltr'><strong>ea,</strong></span> <span class='ocrx_word' id='word_1_107' title='bbox 1137 870 1224 902; x_wconf 85' lang='lat' dir='ltr'><strong>quae</strong></span> <span class='ocrx_word' id='word_1_108' title='bbox 1248 871 1305 890; x_wconf 89' lang='lat' dir='ltr'><strong>su—</strong></span> 
     </span>
     <span class='ocr_line' id='line_1_14' title="bbox 165 918 1306 965; baseline -0.001 -13"><span class='ocrx_word' id='word_1_109' title='bbox 165 933 227 964; x_wconf 82' lang='lat' dir='ltr'><strong>pra</strong></span> <span class='ocrx_word' id='word_1_110' title='bbox 254 920 480 965; x_wconf 79' lang='lat' dir='ltr'><strong>exposuimus,</strong></span> <span class='ocrx_word' id='word_1_111' title='bbox 504 920 720 964; x_wconf 80' lang='lat' dir='ltr'><strong>impossibilis</strong></span> <span class='ocrx_word' id='word_1_112' title='bbox 746 929 816 953; x_wconf 79' lang='lat' dir='ltr'><strong>erat</strong></span> <span class='ocrx_word' id='word_1_113' title='bbox 839 921 891 953; x_wconf 84' lang='lat' dir='ltr'><strong>lex</strong></span> <span class='ocrx_word' id='word_1_114' title='bbox 917 930 949 953; x_wconf 86' lang='lat' dir='ltr'><strong>et</strong></span> <span class='ocrx_word' id='word_1_115' title='bbox 972 920 1117 954; x_wconf 81' lang='lat' dir='ltr'><strong>infirma.</strong></span> <span class='ocrx_word' id='word_1_116' title='bbox 1164 918 1306 963; x_wconf 81' lang='lat' dir='ltr'><strong>‚‚Qui⁵)</strong></span> 
     </span>
     <span class='ocr_line' id='line_1_15' title="bbox 168 981 1307 1026; baseline -0.001 -13"><span class='ocrx_word' id='word_1_117' title='bbox 168 981 258 1013; x_wconf 80' lang='lat' dir='ltr'><strong>enim</strong></span> <span class='ocrx_word' id='word_1_118' title='bbox 282 982 471 1014; x_wconf 80' lang='lat' dir='ltr'><strong>secundum</strong></span> <span class='ocrx_word' id='word_1_119' title='bbox 501 995 635 1014; x_wconf 80' lang='lat' dir='ltr'><strong>carnem</strong></span> <span class='ocrx_word' id='word_1_120' title='bbox 660 991 753 1022; x_wconf 87' lang='lat' dir='ltr'><strong>sunt,</strong></span> <span class='ocrx_word' id='word_1_121' title='bbox 791 995 877 1026; x_wconf 87' lang='lat' dir='ltr'><strong>quae</strong></span> <span class='ocrx_word' id='word_1_122' title='bbox 910 982 1018 1015; x_wconf 70' lang='lat' dir='ltr'><strong>carnis</strong></span> <span class='ocrx_word' id='word_1_123' title='bbox 1051 991 1129 1014; x_wconf 91' lang='lat' dir='ltr'><strong>sunt</strong></span> <span class='ocrx_word' id='word_1_124' title='bbox 1153 981 1307 1026; x_wconf 80' lang='lat' dir='ltr'><strong>sapiunt:</strong></span> 
     </span>
     <span class='ocr_line' id='line_1_16' title="bbox 168 1042 1307 1088; baseline 0.002 -14"><span class='ocrx_word' id='word_1_125' title='bbox 168 1043 226 1087; x_wconf 84' lang='lat' dir='ltr'><strong>qui</strong></span> <span class='ocrx_word' id='word_1_126' title='bbox 258 1056 338 1075; x_wconf 85' lang='lat' dir='ltr'><strong>vero</strong></span> <span class='ocrx_word' id='word_1_127' title='bbox 369 1044 556 1075; x_wconf 85' lang='lat' dir='ltr'><strong>secundum</strong></span> <span class='ocrx_word' id='word_1_128' title='bbox 593 1042 766 1087; x_wconf 77' lang='lat' dir='ltr'><strong>spiritum,</strong></span> <span class='ocrx_word' id='word_1_129' title='bbox 800 1055 886 1088; x_wconf 75' lang='lat' dir='ltr'><strong>quae</strong></span> <span class='ocrx_word' id='word_1_130' title='bbox 917 1052 996 1076; x_wconf 85' lang='lat' dir='ltr'><strong>sunt</strong></span> <span class='ocrx_word' id='word_1_131' title='bbox 1028 1043 1194 1087; x_wconf 68' lang='lat' dir='ltr'><strong>spiritusf‘</strong></span> <span class='ocrx_word' id='word_1_132' title='bbox 1241 1042 1307 1076; x_wconf 85' lang='lat' dir='ltr'><strong>Hic</strong></span> 
     </span>
     <span class='ocr_line' id='line_1_17' title="bbox 167 1102 1305 1150; baseline 0.003 -14"><span class='ocrx_word' id='word_1_133' title='bbox 167 1102 236 1150; x_wconf 78' lang='lat' dir='ltr'><strong>jam</strong></span> <span class='ocrx_word' id='word_1_134' title='bbox 261 1104 408 1148; x_wconf 77' lang='lat' dir='ltr'><strong>apertius</strong></span> <span class='ocrx_word' id='word_1_135' title='bbox 434 1104 575 1149; x_wconf 66' lang='lat' dir='ltr'><strong>quasifi)</strong></span> <span class='ocrx_word' id='word_1_136' title='bbox 601 1104 688 1137; x_wconf 82' lang='lat' dir='ltr'><strong>inter</strong></span> <span class='ocrx_word' id='word_1_137' title='bbox 712 1117 775 1137; x_wconf 91' lang='lat' dir='ltr'><strong>nos</strong></span> <span class='ocrx_word' id='word_1_138' title='bbox 801 1113 833 1137; x_wconf 80' lang='lat' dir='ltr'><strong>et</strong></span> <span class='ocrx_word' id='word_1_139' title='bbox 857 1105 1008 1138; x_wconf 84' lang='lat' dir='ltr'><strong>Judaeos</strong></span> <span class='ocrx_word' id='word_1_140' title='bbox 1039 1104 1075 1137; x_wconf 84' lang='lat' dir='ltr'><strong>in</strong></span> <span class='ocrx_word' id='word_1_141' title='bbox 1099 1105 1215 1138; x_wconf 79' lang='lat' dir='ltr'><strong>medio</strong></span> <span class='ocrx_word' id='word_1_142' title='bbox 1239 1115 1305 1139; x_wconf 86' lang='lat' dir='ltr'><strong>sta-</strong></span> 
     </span>
     <span class='ocr_line' id='line_1_18' title="bbox 167 1159 1307 1211; baseline 0.001 -13"><span class='ocrx_word' id='word_1_143' title='bbox 167 1159 265 1199; x_wconf 72' lang='lat' dir='ltr'><strong>tuens</strong></span> <span class='ocrx_word' id='word_1_144' title='bbox 291 1167 399 1208; x_wconf 82' lang='lat' dir='ltr'><strong>legem</strong></span> <span class='ocrx_word' id='word_1_145' title='bbox 423 1166 530 1199; x_wconf 84' lang='lat' dir='ltr'><strong>Mosis</strong></span> <span class='ocrx_word' id='word_1_146' title='bbox 564 1165 659 1198; x_wconf 83' lang='lat' dir='ltr'><strong>dicit:</strong></span> <span class='ocrx_word' id='word_1_147' title='bbox 693 1165 821 1211; x_wconf 82' lang='lat' dir='ltr'><strong>‚‚qui⁷)</strong></span> <span class='ocrx_word' id='word_1_148' title='bbox 845 1167 1034 1199; x_wconf 85' lang='lat' dir='ltr'><strong>secundum</strong></span> <span class='ocrx_word' id='word_1_149' title='bbox 1058 1180 1195 1200; x_wconf 74' lang='lat' dir='ltr'><strong>carnem</strong></span> <span class='ocrx_word' id='word_1_150' title='bbox 1219 1176 1307 1207; x_wconf 84' lang='lat' dir='ltr'><strong>sunt,</strong></span> 
     </span>
     <span class='ocr_line' id='line_1_19' title="bbox 170 1227 1308 1274; baseline 0.001 -14"><span class='ocrx_word' id='word_1_151' title='bbox 170 1241 256 1272; x_wconf 77' lang='lat' dir='ltr'><strong>quae</strong></span> <span class='ocrx_word' id='word_1_152' title='bbox 281 1227 389 1260; x_wconf 76' lang='lat' dir='ltr'><strong>carnis</strong></span> <span class='ocrx_word' id='word_1_153' title='bbox 413 1236 491 1260; x_wconf 87' lang='lat' dir='ltr'><strong>sunt</strong></span> <span class='ocrx_word' id='word_1_154' title='bbox 515 1227 691 1271; x_wconf 82' lang='lat' dir='ltr'><strong>sapiunt:“</strong></span> <span class='ocrx_word' id='word_1_155' title='bbox 721 1228 788 1260; x_wconf 89' lang='lat' dir='ltr'><strong>hoc</strong></span> <span class='ocrx_word' id='word_1_156' title='bbox 813 1237 878 1267; x_wconf 82' lang='lat' dir='ltr'><strong>est,</strong></span> <span class='ocrx_word' id='word_1_157' title='bbox 902 1227 1043 1267; x_wconf 78' lang='lat' dir='ltr'><strong>Judaei,</strong></span> <span class='ocrx_word' id='word_1_158' title='bbox 1069 1241 1153 1273; x_wconf 82' lang='lat' dir='ltr'><strong>quos</strong></span> <span class='ocrx_word' id='word_1_159' title='bbox 1165 1227 1201 1274; x_wconf 73' lang='lat'><strong>⁸)</strong></span> <span class='ocrx_word' id='word_1_160' title='bbox 1228 1228 1308 1261; x_wconf 83' lang='lat' dir='ltr'><strong>dicit</strong></span> 
     </span>
     <span class='ocr_line' id='line_1_20' title="bbox 169 1289 1307 1335; baseline 0.002 -14"><span class='ocrx_word' id='word_1_161' title='bbox 169 1290 356 1322; x_wconf 84' lang='lat' dir='ltr'><strong>secundum</strong></span> <span class='ocrx_word' id='word_1_162' title='bbox 371 1302 506 1321; x_wconf 78' lang='lat' dir='ltr'><strong>carnem</strong></span> <span class='ocrx_word' id='word_1_163' title='bbox 520 1290 633 1329; x_wconf 80' lang='lat' dir='ltr'><strong>Israel,</strong></span> <span class='ocrx_word' id='word_1_164' title='bbox 649 1289 777 1333; x_wconf 76' lang='lat' dir='ltr'><strong>quae9)</strong></span> <span class='ocrx_word' id='word_1_165' title='bbox 792 1289 917 1322; x_wconf 74' lang='lat' dir='ltr'><strong>carnis¹</strong></span> <span class='ocrx_word' id='word_1_166' title='bbox 928 1290 964 1333; x_wconf 85' lang='lat'><strong>⁰)</strong></span> <span class='ocrx_word' id='word_1_167' title='bbox 978 1289 1057 1331; x_wconf 81' lang='lat' dir='ltr'><strong>legis</strong></span> <span class='ocrx_word' id='word_1_168' title='bbox 1072 1299 1150 1323; x_wconf 87' lang='lat' dir='ltr'><strong>suut</strong></span> <span class='ocrx_word' id='word_1_169' title='bbox 1162 1290 1307 1335; x_wconf 76' lang='lat' dir='ltr'><strong>sapiunt,</strong></span> 
     </span>
     <span class='ocr_line' id='line_1_21' title="bbox 168 1350 1307 1397; baseline 0.001 -14"><span class='ocrx_word' id='word_1_170' title='bbox 168 1351 203 1383; x_wconf 72' lang='lat' dir='ltr'><strong>in</strong></span> <span class='ocrx_word' id='word_1_171' title='bbox 229 1364 281 1390; x_wconf 81' lang='lat' dir='ltr'><strong>eo,</strong></span> <span class='ocrx_word' id='word_1_172' title='bbox 307 1351 401 1395; x_wconf 83' lang='lat' dir='ltr'><strong>quod</strong></span> <span class='ocrx_word' id='word_1_173' title='bbox 424 1351 612 1383; x_wconf 83' lang='lat' dir='ltr'><strong>secundum</strong></span> <span class='ocrx_word' id='word_1_174' title='bbox 633 1363 769 1383; x_wconf 83' lang='lat' dir='ltr'><strong>carnem</strong></span> <span class='ocrx_word' id='word_1_175' title='bbox 788 1350 897 1392; x_wconf 83' lang='lat' dir='ltr'><strong>legem</strong></span> <span class='ocrx_word' id='word_1_176' title='bbox 917 1350 1127 1394; x_wconf 82' lang='lat' dir='ltr'><strong>intelligunt:</strong></span> <span class='ocrx_word' id='word_1_177' title='bbox 1152 1352 1233 1396; x_wconf 86' lang='lat' dir='ltr'><strong>„qui</strong></span> <span class='ocrx_word' id='word_1_178' title='bbox 1250 1352 1307 1397; x_wconf 83' lang='lat'><strong>¹¹)</strong></span> 
     </span>
     <span class='ocr_line' id='line_1_22' title="bbox 169 1411 1308 1457; baseline 0.004 -14"><span class='ocrx_word' id='word_1_179' title='bbox 169 1425 249 1445; x_wconf 86' lang='lat' dir='ltr'><strong>vero</strong></span> <span class='ocrx_word' id='word_1_180' title='bbox 277 1413 465 1445; x_wconf 84' lang='lat' dir='ltr'><strong>secundum</strong></span> <span class='ocrx_word' id='word_1_181' title='bbox 488 1411 661 1456; x_wconf 81' lang='lat' dir='ltr'><strong>spiritum,</strong></span> <span class='ocrx_word' id='word_1_182' title='bbox 686 1431 728 1437; x_wconf 89' lang='lat'>—</span> <span class='ocrx_word' id='word_1_183' title='bbox 754 1413 796 1445; x_wconf 90' lang='lat' dir='ltr'><strong>de</strong></span> <span class='ocrx_word' id='word_1_184' title='bbox 821 1411 871 1445; x_wconf 85' lang='lat' dir='ltr'><strong>his</strong></span> <span class='ocrx_word' id='word_1_185' title='bbox 897 1412 1022 1452; x_wconf 73' lang='lat' dir='ltr'><strong>dicens,</strong></span> <span class='ocrx_word' id='word_1_186' title='bbox 1048 1426 1133 1457; x_wconf 86' lang='lat' dir='ltr'><strong>quos</strong></span> <span class='ocrx_word' id='word_1_187' title='bbox 1157 1414 1308 1448; x_wconf 81' lang='lat' dir='ltr'><strong>Judaeos</strong></span> 
     </span>
    </p>
   </div>
   <div class='ocr_carea' id='block_1_3' title="bbox 171 1473 1308 1519">
    <p class='ocr_par' dir='ltr' id='par_1_3' title="bbox 171 1473 1308 1519">
     <span class='ocr_line' id='line_1_23' title="bbox 171 1473 1308 1519; baseline 0.002 -13"><span class='ocrx_word' id='word_1_188' title='bbox 171 1473 251 1506; x_wconf 86' lang='lat' dir='ltr'><strong>dicit</strong></span> <span class='ocrx_word' id='word_1_189' title='bbox 274 1473 411 1518; x_wconf 77' lang='lat' dir='ltr'><strong>spiritu,</strong></span> <span class='ocrx_word' id='word_1_190' title='bbox 443 1487 514 1506; x_wconf 83' lang='lat' dir='ltr'><strong>non</strong></span> <span class='ocrx_word' id='word_1_191' title='bbox 537 1473 643 1514; x_wconf 81' lang='lat' dir='ltr'><strong>litera,</strong></span> <span class='ocrx_word' id='word_1_192' title='bbox 670 1493 710 1499; x_wconf 89' lang='lat'><strong>--</strong></span> <span class='ocrx_word' id='word_1_193' title='bbox 736 1474 917 1518; x_wconf 81' lang='lat' dir='ltr'><strong>„quae¹²)</strong></span> <span class='ocrx_word' id='word_1_194' title='bbox 949 1483 1027 1507; x_wconf 89' lang='lat' dir='ltr'><strong>sunt</strong></span> <span class='ocrx_word' id='word_1_195' title='bbox 1052 1474 1218 1519; x_wconf 77' lang='lat' dir='ltr'><strong>spiritus.“</strong></span> <span class='ocrx_word' id='word_1_196' title='bbox 1264 1475 1308 1508; x_wconf 84' lang='lat' dir='ltr'><strong>Et</strong></span> 
     </span>
    </p>
   </div>
   <div class='ocr_carea' id='block_1_4' title="bbox 262 1579 1309 2018">
    <p class='ocr_par' dir='ltr' id='par_1_4' title="bbox 266 1579 1023 1625">
     <span class='ocr_line' id='line_1_24' title="bbox 266 1579 1023 1625; baseline 0.001 -12"><span class='ocrx_word' id='word_1_197' title='bbox 266 1580 302 1625; x_wconf 73' lang='grc' dir='ltr'><strong>Ι&gt;</strong></span> <span class='ocrx_word' id='word_1_198' title='bbox 327 1581 431 1614; x_wconf 85' lang='lat' dir='ltr'><strong>Hebr.</strong></span> <span class='ocrx_word' id='word_1_199' title='bbox 455 1580 517 1620; x_wconf 87' lang='lat' dir='ltr'><strong>IX,</strong></span> <span class='ocrx_word' id='word_1_200' title='bbox 539 1581 593 1615; x_wconf 79' lang='lat'><strong>26.</strong></span> <span class='ocrx_word' id='word_1_201' title='bbox 689 1580 727 1625; x_wconf 78' lang='lat'><strong>²)</strong></span> <span class='ocrx_word' id='word_1_202' title='bbox 752 1579 852 1613; x_wconf 81' lang='lat' dir='ltr'><strong>Jesai.</strong></span> <span class='ocrx_word' id='word_1_203' title='bbox 876 1580 966 1621; x_wconf 83' lang='lat' dir='ltr'>LIII,</span> <span class='ocrx_word' id='word_1_204' title='bbox 991 1580 1023 1614; x_wconf 85' lang='grc'><strong>4.</strong></span> 
     </span>
    </p>

    <p class='ocr_par' dir='ltr' id='par_1_5' title="bbox 262 1636 656 1679">
     <span class='ocr_line' id='line_1_25' title="bbox 262 1636 656 1679; baseline 0 -10"><span class='ocrx_word' id='word_1_205' title='bbox 262 1636 298 1679; x_wconf 83' lang='lat'><strong>³)</strong></span> <span class='ocrx_word' id='word_1_206' title='bbox 324 1637 426 1669; x_wconf 87' lang='lat' dir='ltr'><strong>Rom.</strong></span> <span class='ocrx_word' id='word_1_207' title='bbox 451 1637 543 1677; x_wconf 82' lang='lat' dir='ltr'><strong>VIII,</strong></span> <span class='ocrx_word' id='word_1_208' title='bbox 568 1636 600 1670; x_wconf 88' lang='lat'><strong>3.</strong></span> <span class='ocrx_word' id='word_1_209' title='bbox 624 1636 656 1670; x_wconf 88' lang='grc'><strong>4.</strong></span> 
     </span>
    </p>

    <p class='ocr_par' dir='ltr' id='par_1_6' title="bbox 263 1690 1307 1791">
     <span class='ocr_line' id='line_1_26' title="bbox 263 1690 1307 1738; baseline 0.003 -14"><span class='ocrx_word' id='word_1_210' title='bbox 263 1690 300 1735; x_wconf 73' lang='lat'><strong>⁴)</strong></span> <span class='ocrx_word' id='word_1_211' title='bbox 325 1692 419 1725; x_wconf 85' lang='lat' dir='ltr'><strong>Editi</strong></span> <span class='ocrx_word' id='word_1_212' title='bbox 444 1696 492 1737; x_wconf 75' lang='lat' dir='ltr'><strong>(v.</strong></span> <span class='ocrx_word' id='word_1_213' title='bbox 517 1706 544 1725; x_wconf 90' lang='lat' dir='ltr'><strong>c.</strong></span> <span class='ocrx_word' id='word_1_214' title='bbox 569 1693 646 1726; x_wconf 80' lang='lat' dir='ltr'><strong>edd.</strong></span> <span class='ocrx_word' id='word_1_215' title='bbox 670 1693 755 1738; x_wconf 87' lang='lat' dir='ltr'><strong>M.)</strong></span> <span class='ocrx_word' id='word_1_216' title='bbox 780 1693 885 1734; x_wconf 89' lang='lat' dir='ltr'><strong>„Post</strong></span> <span class='ocrx_word' id='word_1_217' title='bbox 908 1694 995 1727; x_wconf 86' lang='lat' dir='ltr'>hanc</span> <span class='ocrx_word' id='word_1_218' title='bbox 1017 1692 1164 1727; x_wconf 83' lang='lat' dir='ltr'><strong>etenim“</strong></span> <span class='ocrx_word' id='word_1_219' title='bbox 1180 1703 1240 1727; x_wconf 90' lang='lat' dir='ltr'><strong>etc.</strong></span> <span class='ocrx_word' id='word_1_220' title='bbox 1266 1694 1307 1728; x_wconf 85' lang='lat' dir='ltr'><strong>R.</strong></span> 
     </span>
     <span class='ocr_line' id='line_1_27' title="bbox 266 1746 599 1791; baseline 0.009 -11"><span class='ocrx_word' id='word_1_221' title='bbox 266 1746 302 1791; x_wconf 83' lang='lat'><strong>⁵)</strong></span> <span class='ocrx_word' id='word_1_222' title='bbox 326 1747 428 1782; x_wconf 87' lang='lat' dir='ltr'><strong>Rom.</strong></span> <span class='ocrx_word' id='word_1_223' title='bbox 452 1748 546 1788; x_wconf 74' lang='lat' dir='ltr'><strong>VIII,</strong></span> <span class='ocrx_word' id='word_1_224' title='bbox 569 1750 599 1783; x_wconf 83' lang='lat'><strong>5.</strong></span> 
     </span>
    </p>

    <p class='ocr_par' dir='ltr' id='par_1_7' title="bbox 263 1801 1217 1850">
     <span class='ocr_line' id='line_1_28' title="bbox 263 1801 1217 1850; baseline 0.007 -16"><span class='ocrx_word' id='word_1_225' title='bbox 263 1801 301 1845; x_wconf 84' lang='lat'><strong>⁶)</strong></span> <span class='ocrx_word' id='word_1_226' title='bbox 322 1803 362 1835; x_wconf 89' lang='lat' dir='ltr'><strong>In</strong></span> <span class='ocrx_word' id='word_1_227' title='bbox 389 1802 485 1837; x_wconf 81' lang='lat' dir='ltr'><strong>editis</strong></span> <span class='ocrx_word' id='word_1_228' title='bbox 509 1804 557 1849; x_wconf 86' lang='lat' dir='ltr'><strong>(v.</strong></span> <span class='ocrx_word' id='word_1_229' title='bbox 582 1818 609 1838; x_wconf 92' lang='lat' dir='ltr'><strong>c.</strong></span> <span class='ocrx_word' id='word_1_230' title='bbox 635 1804 671 1837; x_wconf 69' lang='lat' dir='ltr'><strong>In</strong></span> <span class='ocrx_word' id='word_1_231' title='bbox 696 1805 772 1839; x_wconf 85' lang='lat' dir='ltr'><strong>edd.</strong></span> <span class='ocrx_word' id='word_1_232' title='bbox 797 1804 865 1850; x_wconf 88' lang='lat' dir='ltr'><strong>M.)</strong></span> <span class='ocrx_word' id='word_1_233' title='bbox 890 1805 983 1838; x_wconf 87' lang='lat' dir='ltr'><strong>deest</strong></span> <span class='ocrx_word' id='word_1_234' title='bbox 1006 1805 1153 1850; x_wconf 77' lang='lat' dir='ltr'><strong>,‚quasi.“</strong></span> <span class='ocrx_word' id='word_1_235' title='bbox 1176 1807 1217 1841; x_wconf 90' lang='lat' dir='ltr'><strong>R.</strong></span> 
     </span>
    </p>

    <p class='ocr_par' dir='ltr' id='par_1_8' title="bbox 265 1857 598 1902">
     <span class='ocr_line' id='line_1_29' title="bbox 265 1857 598 1902; baseline 0.006 -12"><span class='ocrx_word' id='word_1_236' title='bbox 265 1857 301 1902; x_wconf 82' lang='lat'><strong>⁷)</strong></span> <span class='ocrx_word' id='word_1_237' title='bbox 326 1859 426 1891; x_wconf 85' lang='lat' dir='ltr'><strong>Rom.</strong></span> <span class='ocrx_word' id='word_1_238' title='bbox 452 1860 544 1899; x_wconf 89' lang='lat' dir='ltr'><strong>VIII,</strong></span> <span class='ocrx_word' id='word_1_239' title='bbox 567 1862 598 1895; x_wconf 83' lang='lat'><strong>5.</strong></span> 
     </span>
    </p>

    <p class='ocr_par' dir='ltr' id='par_1_9' title="bbox 264 1914 973 1961">
     <span class='ocr_line' id='line_1_30' title="bbox 264 1914 973 1961; baseline 0.006 -15"><span class='ocrx_word' id='word_1_240' title='bbox 264 1914 302 1955; x_wconf 77' lang='lat'><strong>¹³)</strong></span> <span class='ocrx_word' id='word_1_241' title='bbox 327 1914 388 1947; x_wconf 83' lang='lat' dir='ltr'><strong>Ed.</strong></span> <span class='ocrx_word' id='word_1_242' title='bbox 414 1916 462 1948; x_wconf 86' lang='lat' dir='ltr'><strong>M.</strong></span> <span class='ocrx_word' id='word_1_243' title='bbox 488 1917 514 1949; x_wconf 89' lang='grc' dir='ltr'><strong>Ι.</strong></span> <span class='ocrx_word' id='word_1_244' title='bbox 538 1930 737 1961; x_wconf 72' lang='lat' dir='ltr'><strong>perperam:</strong></span> <span class='ocrx_word' id='word_1_245' title='bbox 764 1918 859 1961; x_wconf 87' lang='lat' dir='ltr'><strong>quod</strong></span> <span class='ocrx_word' id='word_1_246' title='bbox 884 1916 973 1952; x_wconf 85' lang='lat' dir='ltr'><strong>dicit.</strong></span> 
     </span>
    </p>

    <p class='ocr_par' dir='ltr' id='par_1_10' title="bbox 265 1969 1309 2018">
     <span class='ocr_line' id='line_1_31' title="bbox 265 1969 1309 2018; baseline 0.007 -17"><span class='ocrx_word' id='word_1_247' title='bbox 265 1969 301 2012; x_wconf 73' lang='grc'><strong>9)</strong></span> <span class='ocrx_word' id='word_1_248' title='bbox 328 1970 436 2002; x_wconf 82' lang='lat' dir='ltr'><strong>Alias:</strong></span> <span class='ocrx_word' id='word_1_249' title='bbox 471 1973 568 2017; x_wconf 82' lang='lat' dir='ltr'><strong>„quia</strong></span> <span class='ocrx_word' id='word_1_250' title='bbox 605 1978 710 2017; x_wconf 81' lang='lat' dir='ltr'><strong>quae“</strong></span> <span class='ocrx_word' id='word_1_251' title='bbox 742 1982 819 2012; x_wconf 79' lang='lat' dir='ltr'><strong>etc..</strong></span> <span class='ocrx_word' id='word_1_252' title='bbox 855 1973 897 2005; x_wconf 80' lang='lat' dir='ltr'><strong>al.</strong></span> <span class='ocrx_word' id='word_1_253' title='bbox 923 1972 1001 2017; x_wconf 72' lang='lat' dir='ltr'><strong>„qui</strong></span> <span class='ocrx_word' id='word_1_254' title='bbox 1027 1986 1081 2013; x_wconf 80' lang='lat' dir='ltr'><strong>ea,</strong></span> <span class='ocrx_word' id='word_1_255' title='bbox 1117 1978 1223 2018; x_wconf 77' lang='lat' dir='ltr'><strong>quae“</strong></span> <span class='ocrx_word' id='word_1_256' title='bbox 1248 1984 1309 2008; x_wconf 76' lang='lat' dir='ltr'><strong>etc.</strong></span> 
     </span>
    </p>
   </div>
   <div class='ocr_carea' id='block_1_5' title="bbox 170 2015 1308 2105">
    <p class='ocr_par' dir='ltr' id='par_1_11' title="bbox 170 2015 1308 2105">
     <span class='ocr_line' id='line_1_32' title="bbox 172 2015 1308 2064; baseline 0.006 -19"><span class='ocrx_word' id='word_1_257' title='bbox 172 2015 241 2047; x_wconf 78' lang='lat' dir='ltr'><strong>Sed</strong></span> <span class='ocrx_word' id='word_1_258' title='bbox 265 2024 406 2059; x_wconf 77' lang='lat' dir='ltr'><strong>utraque</strong></span> <span class='ocrx_word' id='word_1_259' title='bbox 437 2030 500 2049; x_wconf 85' lang='lat' dir='ltr'><strong>vox</strong></span> <span class='ocrx_word' id='word_1_260' title='bbox 535 2019 628 2051; x_wconf 81' lang='lat' dir='ltr'><strong>deest</strong></span> <span class='ocrx_word' id='word_1_261' title='bbox 660 2019 694 2051; x_wconf 79' lang='lat' dir='ltr'><strong>in</strong></span> <span class='ocrx_word' id='word_1_262' title='bbox 728 2017 825 2051; x_wconf 79' lang='lat' dir='ltr'><strong>editis</strong></span> <span class='ocrx_word' id='word_1_263' title='bbox 856 2018 903 2062; x_wconf 73' lang='lat' dir='ltr'><strong>(v,</strong></span> <span class='ocrx_word' id='word_1_264' title='bbox 938 2031 965 2051; x_wconf 91' lang='lat' dir='ltr'><strong>c.</strong></span> <span class='ocrx_word' id='word_1_265' title='bbox 992 2019 1067 2052; x_wconf 79' lang='lat' dir='ltr'><strong>edd.</strong></span> <span class='ocrx_word' id='word_1_266' title='bbox 1092 2020 1180 2064; x_wconf 77' lang='lat' dir='ltr'><strong>M),</strong></span> <span class='ocrx_word' id='word_1_267' title='bbox 1217 2020 1308 2053; x_wconf 79' lang='lat' dir='ltr'><strong>etin</strong></span> 
     </span>
     <span class='ocr_line' id='line_1_33' title="bbox 170 2059 517 2105; baseline 0.012 -13"><span class='ocrx_word' id='word_1_268' title='bbox 170 2059 249 2094; x_wconf 85' lang='lat' dir='ltr'><strong>Mss.</strong></span> <span class='ocrx_word' id='word_1_269' title='bbox 273 2060 452 2105; x_wconf 84' lang='lat' dir='ltr'><strong>plerisque.</strong></span> <span class='ocrx_word' id='word_1_270' title='bbox 479 2063 517 2096; x_wconf 85' lang='lat' dir='ltr'><strong>R.</strong></span> 
     </span>
    </p>
   </div>
   <div class='ocr_carea' id='block_1_6' title="bbox 244 2116 906 2162">
    <p class='ocr_par' dir='ltr' id='par_1_12' title="bbox 244 2116 906 2162">
     <span class='ocr_line' id='line_1_34' title="bbox 244 2116 906 2162; baseline 0.008 -15"><span class='ocrx_word' id='word_1_271' title='bbox 244 2116 302 2158; x_wconf 87' lang='lat'><strong>¹⁰)</strong></span> <span class='ocrx_word' id='word_1_272' title='bbox 327 2116 389 2148; x_wconf 81' lang='lat' dir='ltr'><strong>Ed.</strong></span> <span class='ocrx_word' id='word_1_273' title='bbox 416 2117 462 2149; x_wconf 87' lang='lat' dir='ltr'><strong>M.</strong></span> <span class='ocrx_word' id='word_1_274' title='bbox 489 2118 511 2150; x_wconf 89' lang='lat' dir='ltr'><strong>I.</strong></span> <span class='ocrx_word' id='word_1_275' title='bbox 538 2131 734 2162; x_wconf 77' lang='lat' dir='ltr'><strong>perperam:</strong></span> <span class='ocrx_word' id='word_1_276' title='bbox 760 2132 906 2152; x_wconf 83' lang='lat' dir='ltr'><strong>carnem.</strong></span> 
     </span>
    </p>
   </div>
   <div class='ocr_carea' id='block_1_7' title="bbox 245 2170 597 2213">
    <p class='ocr_par' dir='ltr' id='par_1_13' title="bbox 245 2170 597 2213">
     <span class='ocr_line' id='line_1_35' title="bbox 245 2170 597 2213; baseline 0.009 -10"><span class='ocrx_word' id='word_1_277' title='bbox 245 2170 301 2213; x_wconf 81' lang='grc' dir='ltr'><strong>ΙΙ&gt;</strong></span> <span class='ocrx_word' id='word_1_278' title='bbox 326 2172 427 2204; x_wconf 78' lang='lat' dir='ltr'><strong>Rom.</strong></span> <span class='ocrx_word' id='word_1_279' title='bbox 450 2173 541 2213; x_wconf 83' lang='lat' dir='ltr'>v111,</span> <span class='ocrx_word' id='word_1_280' title='bbox 567 2175 597 2207; x_wconf 87' lang='lat'><strong>5.</strong></span> 
     </span>
    </p>
   </div>
   <div class='ocr_carea' id='block_1_8' title="bbox 170 2226 1305 2306">
    <p class='ocr_par' dir='ltr' id='par_1_14' title="bbox 170 2226 1305 2306">
     <span class='ocr_line' id='line_1_36' title="bbox 187 2226 1305 2304; baseline 0.001 -43"><span class='ocrx_word' id='word_1_281' title='bbox 187 2269 194 2276; x_wconf 50' lang='grc'><strong><em>.</em></strong></span> <span class='ocrx_word' id='word_1_282' title='bbox 244 2226 302 2290; x_wconf 58' lang='grc' dir='ltr'><strong>Ιῗ)</strong></span> <span class='ocrx_word' id='word_1_283' title='bbox 327 2227 435 2304; x_wconf 49' lang='lat' dir='ltr'><strong>filias:</strong></span> <span class='ocrx_word' id='word_1_284' title='bbox 473 2242 590 2274; x_wconf 73' lang='lat' dir='ltr'><strong>„quae</strong></span> <span class='ocrx_word' id='word_1_285' title='bbox 625 2240 703 2264; x_wconf 90' lang='lat' dir='ltr'><strong>sunt</strong></span> <span class='ocrx_word' id='word_1_286' title='bbox 738 2231 873 2275; x_wconf 80' lang='lat' dir='ltr'><strong>spiritus</strong></span> <span class='ocrx_word' id='word_1_287' title='bbox 909 2232 1089 2277; x_wconf 77' lang='lat' dir='ltr'><strong>sapiunt‚“</strong></span> <span class='ocrx_word' id='word_1_288' title='bbox 1127 2231 1168 2263; x_wconf 78' lang='lat' dir='ltr'><strong>al.</strong></span> <span class='ocrx_word' id='word_1_289' title='bbox 1211 2243 1305 2270; x_wconf 83' lang='lat' dir='ltr'><strong>„scn-</strong></span> 
     </span>
     <span class='ocr_line' id='line_1_37' title="bbox 170 2277 367 2306; baseline 0 -4"><span class='ocrx_word' id='word_1_290' title='bbox 170 2277 290 2303; x_wconf 83' lang='lat' dir='ltr'><strong>t1unt.‘</strong></span> <span class='ocrx_word' id='word_1_291' title='bbox 361 2299 367 2306; x_wconf 84' lang='lat'>,</span> 
     </span>
    </p>
   </div>
  </div>
 </body>
</html>
