<?xml version="1.0" encoding="UTF-8"?>
<!DOCTYPE html PUBLIC "-//W3C//DTD XHTML 1.0 Transitional//EN"
    "http://www.w3.org/TR/xhtml1/DTD/xhtml1-transitional.dtd">
<html xmlns="http://www.w3.org/1999/xhtml" xml:lang="en" lang="en">
 <head>
  <title>
</title>
<meta http-equiv="Content-Type" content="text/html;charset=utf-8" />
  <meta name='ocr-system' content='tesseract 3.04.00' />
  <meta name='ocr-capabilities' content='ocr_page ocr_carea ocr_par ocr_line ocrx_word'/>
</head>
<body>
  <div class='ocr_page' id='page_1' title='image "./operaomniaquaegr07orig_0291.png"; bbox 0 0 1320 2444; ppageno 0'>
   <div class='ocr_carea' id='block_1_1' title="bbox 269 76 1125 113">
    <p class='ocr_par' dir='ltr' id='par_1_1' title="bbox 269 76 1125 113">
     <span class='ocr_line' id='line_1_1' title="bbox 269 76 1125 113; baseline 0.001 -2"><span class='ocrx_word' id='word_1_1' title='bbox 269 77 620 111; x_wconf 73' lang='lat' dir='ltr'><strong>COMMENTARJORUM</strong></span> <span class='ocrx_word' id='word_1_2' title='bbox 644 77 717 110; x_wconf 83' lang='lat' dir='ltr'><strong>Lm.</strong></span> <span class='ocrx_word' id='word_1_3' title='bbox 743 76 833 109; x_wconf 90' lang='lat' dir='ltr'>VIII.</span> <span class='ocrx_word' id='word_1_4' title='bbox 1057 79 1125 113; x_wconf 81' lang='lat'><strong>273</strong></span> 
     </span>
    </p>
   </div>
   <div class='ocr_carea' id='block_1_2' title="bbox 0 165 1128 1499">
    <p class='ocr_par' dir='ltr' id='par_1_2' title="bbox 0 165 1128 1499">
     <span class='ocr_line' id='line_1_2' title="bbox 0 165 1122 212; baseline -0.003 -9"><span class='ocrx_word' id='word_1_5' title='bbox 0 170 123 203; x_wconf 77' lang='lat' dir='ltr'><strong>Eadem</strong></span> <span class='ocrx_word' id='word_1_6' title='bbox 146 179 348 212; x_wconf 86' lang='lat' dir='ltr'><strong>persequens</strong></span> <span class='ocrx_word' id='word_1_7' title='bbox 366 166 399 211; x_wconf 82' lang='lat'><strong>¹)</strong></span> <span class='ocrx_word' id='word_1_8' title='bbox 429 167 541 199; x_wconf 75' lang='lat' dir='ltr'><strong>adhuc</strong></span> <span class='ocrx_word' id='word_1_9' title='bbox 571 167 613 199; x_wconf 85' lang='lat' dir='ltr'><strong>de</strong></span> <span class='ocrx_word' id='word_1_10' title='bbox 637 165 738 199; x_wconf 79' lang='lat' dir='ltr'><strong>Israel</strong></span> <span class='ocrx_word' id='word_1_11' title='bbox 767 176 799 199; x_wconf 86' lang='lat' dir='ltr'><strong>et</strong></span> <span class='ocrx_word' id='word_1_12' title='bbox 833 165 999 201; x_wconf 80' lang='lat' dir='ltr'><strong>Gentibus</strong></span> <span class='ocrx_word' id='word_1_13' title='bbox 1027 168 1122 212; x_wconf 84' lang='lat' dir='ltr'><strong>Apo·-</strong></span> 
     </span>
     <span class='ocr_line' id='line_1_3' title="bbox 0 227 1123 272; baseline -0.003 -8"><span class='ocrx_word' id='word_1_14' title='bbox 0 232 107 268; x_wconf 79' lang='lat' dir='ltr'><strong>stolus,</strong></span> <span class='ocrx_word' id='word_1_15' title='bbox 131 228 209 272; x_wconf 59' lang='grc' dir='ltr'><strong>αἳ)</strong></span> <span class='ocrx_word' id='word_1_16' title='bbox 255 228 355 261; x_wconf 75' lang='lat' dir='ltr'><strong>ramis</strong></span> <span class='ocrx_word' id='word_1_17' title='bbox 381 228 531 268; x_wconf 81' lang='lat' dir='ltr'>oleastri,</span> <span class='ocrx_word' id='word_1_18' title='bbox 564 227 621 272; x_wconf 79' lang='lat' dir='ltr'><strong>qui</strong></span> <span class='ocrx_word' id='word_1_19' title='bbox 656 228 862 261; x_wconf 73' lang='lat' dir='ltr'><strong>insultabant</strong></span> <span class='ocrx_word' id='word_1_20' title='bbox 889 229 989 262; x_wconf 71' lang='lat' dir='ltr'><strong>ramis</strong></span> <span class='ocrx_word' id='word_1_21' title='bbox 1015 229 1123 262; x_wconf 78' lang='lat' dir='ltr'><strong>olivae</strong></span> 
     </span>
     <span class='ocr_line' id='line_1_4' title="bbox 0 289 1121 334; baseline -0.001 -11"><span class='ocrx_word' id='word_1_22' title='bbox 0 289 165 328; x_wconf 72' lang='lat' dir='ltr'><strong>defractis,</strong></span> <span class='ocrx_word' id='word_1_23' title='bbox 193 289 364 333; x_wconf 79' lang='lat' dir='ltr'>imputans</span> <span class='ocrx_word' id='word_1_24' title='bbox 397 290 497 322; x_wconf 78' lang='lat' dir='ltr'><strong>etiam</strong></span> <span class='ocrx_word' id='word_1_25' title='bbox 521 290 603 322; x_wconf 78' lang='lat' dir='ltr'><strong>haec</strong></span> <span class='ocrx_word' id='word_1_26' title='bbox 627 290 738 322; x_wconf 78' lang='lat' dir='ltr'><strong>addit:</strong></span> <span class='ocrx_word' id='word_1_27' title='bbox 774 289 851 334; x_wconf 86' lang='lat' dir='ltr'><strong>quia</strong></span> <span class='ocrx_word' id='word_1_28' title='bbox 877 289 978 322; x_wconf 76' lang='lat' dir='ltr'><strong>Israel</strong></span> <span class='ocrx_word' id='word_1_29' title='bbox 1001 304 1121 323; x_wconf 84' lang='lat' dir='ltr'><strong>secun-</strong></span> 
     </span>
     <span class='ocr_line' id='line_1_5' title="bbox 0 350 1122 396; baseline -0.001 -11"><span class='ocrx_word' id='word_1_30' title='bbox 0 353 73 385; x_wconf 71' lang='lat' dir='ltr'><strong>tlum</strong></span> <span class='ocrx_word' id='word_1_31' title='bbox 96 350 318 390; x_wconf 82' lang='lat' dir='ltr'><strong>Evangelium</strong></span> <span class='ocrx_word' id='word_1_32' title='bbox 344 350 481 395; x_wconf 80' lang='lat' dir='ltr'><strong>quidem</strong></span> <span class='ocrx_word' id='word_1_33' title='bbox 518 350 675 383; x_wconf 81' lang='lat' dir='ltr'><strong>inimicus</strong></span> <span class='ocrx_word' id='word_1_34' title='bbox 705 352 811 383; x_wconf 81' lang='lat' dir='ltr'><strong>sactus</strong></span> <span class='ocrx_word' id='word_1_35' title='bbox 844 360 890 383; x_wconf 81' lang='lat' dir='ltr'><strong>est</strong></span> <span class='ocrx_word' id='word_1_36' title='bbox 915 351 1011 391; x_wconf 79' lang='lat' dir='ltr'><strong>Deo,</strong></span> <span class='ocrx_word' id='word_1_37' title='bbox 1044 352 1122 396; x_wconf 77' lang='lat' dir='ltr'><strong>quia</strong></span> 
     </span>
     <span class='ocr_line' id='line_1_6' title="bbox 0 411 1121 456; baseline 0.001 -11"><span class='ocrx_word' id='word_1_38' title='bbox 0 426 61 445; x_wconf 80' lang='lat' dir='ltr'><strong>non</strong></span> <span class='ocrx_word' id='word_1_39' title='bbox 87 411 229 444; x_wconf 82' lang='lat' dir='ltr'><strong>credidit</strong></span> <span class='ocrx_word' id='word_1_40' title='bbox 253 411 409 445; x_wconf 82' lang='lat' dir='ltr'><strong>Christo:</strong></span> <span class='ocrx_word' id='word_1_41' title='bbox 436 421 598 456; x_wconf 76' lang='lat' dir='ltr'><strong>quantum</strong></span> <span class='ocrx_word' id='word_1_42' title='bbox 625 422 736 445; x_wconf 78' lang='lat' dir='ltr'><strong>autem</strong></span> <span class='ocrx_word' id='word_1_43' title='bbox 759 421 886 456; x_wconf 79' lang='lat' dir='ltr'><strong>spectat</strong></span> <span class='ocrx_word' id='word_1_44' title='bbox 910 414 953 446; x_wconf 78' lang='lat' dir='ltr'><strong>ad</strong></span> <span class='ocrx_word' id='word_1_45' title='bbox 979 413 1121 446; x_wconf 81' lang='lat' dir='ltr'><strong>honori-</strong></span> 
     </span>
     <span class='ocr_line' id='line_1_7' title="bbox 0 472 1120 518; baseline 0.001 -13"><span class='ocrx_word' id='word_1_46' title='bbox 0 472 159 506; x_wconf 62' lang='lat' dir='ltr'><strong>ficentiam</strong></span> <span class='ocrx_word' id='word_1_47' title='bbox 183 482 330 517; x_wconf 80' lang='lat' dir='ltr'><strong>patrum,</strong></span> <span class='ocrx_word' id='word_1_48' title='bbox 356 474 478 506; x_wconf 73' lang='lat' dir='ltr'><strong>electus</strong></span> <span class='ocrx_word' id='word_1_49' title='bbox 506 482 563 511; x_wconf 86' lang='lat' dir='ltr'><strong>est,</strong></span> <span class='ocrx_word' id='word_1_50' title='bbox 588 482 619 505; x_wconf 87' lang='lat' dir='ltr'><strong>ct</strong></span> <span class='ocrx_word' id='word_1_51' title='bbox 645 473 831 506; x_wconf 78' lang='lat' dir='ltr'><strong>carissimus</strong></span> <span class='ocrx_word' id='word_1_52' title='bbox 862 474 1006 506; x_wconf 79' lang='lat' dir='ltr'><strong>habetur</strong></span> <span class='ocrx_word' id='word_1_53' title='bbox 1031 475 1120 518; x_wconf 78' lang='lat' dir='ltr'><strong>apud</strong></span> 
     </span>
     <span class='ocr_line' id='line_1_8' title="bbox 0 534 1123 580; baseline 0.001 -13"><span class='ocrx_word' id='word_1_54' title='bbox 0 535 114 567; x_wconf 78' lang='lat' dir='ltr'><strong>Deum.</strong></span> <span class='ocrx_word' id='word_1_55' title='bbox 161 534 273 566; x_wconf 90' lang='lat' dir='ltr'><strong>Semel</strong></span> <span class='ocrx_word' id='word_1_56' title='bbox 302 544 412 567; x_wconf 82' lang='lat' dir='ltr'><strong>autern</strong></span> <span class='ocrx_word' id='word_1_57' title='bbox 439 537 564 568; x_wconf 79' lang='lat' dir='ltr'><strong>donata</strong></span> <span class='ocrx_word' id='word_1_58' title='bbox 589 536 752 568; x_wconf 79' lang='lat' dir='ltr'><strong>electione</strong></span> <span class='ocrx_word' id='word_1_59' title='bbox 774 534 892 567; x_wconf 78' lang='lat' dir='ltr'><strong>semini</strong></span> <span class='ocrx_word' id='word_1_60' title='bbox 918 545 1066 580; x_wconf 80' lang='lat' dir='ltr'><strong>patrum,</strong></span> <span class='ocrx_word' id='word_1_61' title='bbox 1091 545 1123 568; x_wconf 82' lang='lat' dir='ltr'><strong>et</strong></span> 
     </span>
     <span class='ocr_line' id='line_1_9' title="bbox 0 595 1122 635; baseline 0.002 -7"><span class='ocrx_word' id='word_1_62' title='bbox 0 595 174 628; x_wconf 69' lang='lat' dir='ltr'>dilectione</span> <span class='ocrx_word' id='word_1_63' title='bbox 199 607 373 635; x_wconf 76' lang='lat' dir='ltr'><strong>concessa,</strong></span> <span class='ocrx_word' id='word_1_64' title='bbox 408 605 516 629; x_wconf 80' lang='lat' dir='ltr'><strong>servat</strong></span> <span class='ocrx_word' id='word_1_65' title='bbox 545 597 615 630; x_wconf 85' lang='lat' dir='ltr'><strong>sine</strong></span> <span class='ocrx_word' id='word_1_66' title='bbox 640 595 746 629; x_wconf 84' lang='lat' dir='ltr'><strong>dubio</strong></span> <span class='ocrx_word' id='word_1_67' title='bbox 772 595 865 628; x_wconf 83' lang='lat' dir='ltr'><strong>Deus</strong></span> <span class='ocrx_word' id='word_1_68' title='bbox 891 597 980 629; x_wconf 82' lang='lat' dir='ltr'><strong>dona</strong></span> <span class='ocrx_word' id='word_1_69' title='bbox 1008 606 1039 629; x_wconf 83' lang='lat' dir='ltr'><strong>et</strong></span> <span class='ocrx_word' id='word_1_70' title='bbox 1062 611 1122 630; x_wconf 85' lang='lat' dir='ltr'><strong>vo-</strong></span> 
     </span>
     <span class='ocr_line' id='line_1_10' title="bbox 0 656 1123 702; baseline 0.002 -13"><span class='ocrx_word' id='word_1_71' title='bbox 0 656 159 690; x_wconf 74' lang='lat' dir='ltr'><strong>:ationem</strong></span> <span class='ocrx_word' id='word_1_72' title='bbox 183 669 277 689; x_wconf 81' lang='lat' dir='ltr'><strong>suam</strong></span> <span class='ocrx_word' id='word_1_73' title='bbox 303 669 379 698; x_wconf 75' lang='lat' dir='ltr'><strong>erga</strong></span> <span class='ocrx_word' id='word_1_74' title='bbox 399 671 512 690; x_wconf 86' lang='lat' dir='ltr'><strong>semen</strong></span> <span class='ocrx_word' id='word_1_75' title='bbox 529 671 661 698; x_wconf 79' lang='lat' dir='ltr'><strong>eorum,</strong></span> <span class='ocrx_word' id='word_1_76' title='bbox 686 670 833 702; x_wconf 88' lang='lat' dir='ltr'><strong>quorum</strong></span> <span class='ocrx_word' id='word_1_77' title='bbox 858 658 984 690; x_wconf 83' lang='lat' dir='ltr'><strong>meritis</strong></span> <span class='ocrx_word' id='word_1_78' title='bbox 1002 658 1037 690; x_wconf 86' lang='lat' dir='ltr'><strong>id</strong></span> <span class='ocrx_word' id='word_1_79' title='bbox 1063 659 1123 691; x_wconf 80' lang='lat' dir='ltr'><strong>ali-</strong></span> 
     </span>
     <span class='ocr_line' id='line_1_11' title="bbox 0 718 1124 764; baseline 0.001 -13"><span class='ocrx_word' id='word_1_80' title='bbox 0 718 130 763; x_wconf 70' lang='lat' dir='ltr'><strong>quando</strong></span> <span class='ocrx_word' id='word_1_81' title='bbox 161 718 297 758; x_wconf 80' lang='lat' dir='ltr'><strong>largitus</strong></span> <span class='ocrx_word' id='word_1_82' title='bbox 329 727 392 751; x_wconf 87' lang='lat' dir='ltr'><strong>est:</strong></span> <span class='ocrx_word' id='word_1_83' title='bbox 430 732 492 751; x_wconf 86' lang='lat' dir='ltr'><strong>nec</strong></span> <span class='ocrx_word' id='word_1_84' title='bbox 531 719 721 764; x_wconf 81' lang='lat' dir='ltr'><strong>poenitudo</strong></span> <span class='ocrx_word' id='word_1_85' title='bbox 756 718 902 752; x_wconf 76' lang='lat' dir='ltr'>incurrit</span> <span class='ocrx_word' id='word_1_86' title='bbox 930 719 965 751; x_wconf 87' lang='lat' dir='ltr'><strong>in</strong></span> <span class='ocrx_word' id='word_1_87' title='bbox 997 720 1124 759; x_wconf 80' lang='lat' dir='ltr'><strong>Deum,</strong></span> 
     </span>
     <span class='ocr_line' id='line_1_12' title="bbox 0 779 1124 825; baseline 0.003 -14"><span class='ocrx_word' id='word_1_88' title='bbox 0 779 90 812; x_wconf 64' lang='lat' dir='ltr'><strong>etiam</strong></span> <span class='ocrx_word' id='word_1_89' title='bbox 114 779 140 812; x_wconf 79' lang='lat' dir='ltr'><strong>si</strong></span> <span class='ocrx_word' id='word_1_90' title='bbox 165 779 276 812; x_wconf 85' lang='lat' dir='ltr'><strong>minus</strong></span> <span class='ocrx_word' id='word_1_91' title='bbox 301 779 391 820; x_wconf 82' lang='lat' dir='ltr'><strong>digni</strong></span> <span class='ocrx_word' id='word_1_92' title='bbox 417 782 597 813; x_wconf 73' lang='lat' dir='ltr'><strong>videantur</strong></span> <span class='ocrx_word' id='word_1_93' title='bbox 621 781 757 814; x_wconf 78' lang='lat' dir='ltr'>existere</span> <span class='ocrx_word' id='word_1_94' title='bbox 776 780 821 819; x_wconf 85' lang='lat' dir='ltr'><strong>hi,</strong></span> <span class='ocrx_word' id='word_1_95' title='bbox 845 793 920 821; x_wconf 82' lang='lat' dir='ltr'><strong>erga</strong></span> <span class='ocrx_word' id='word_1_96' title='bbox 939 795 1023 825; x_wconf 86' lang='lat' dir='ltr'><strong>quos</strong></span> <span class='ocrx_word' id='word_1_97' title='bbox 1042 794 1124 825; x_wconf 82' lang='lat' dir='ltr'><strong>pro-</strong></span> 
     </span>
     <span class='ocr_line' id='line_1_13' title="bbox 0 841 1126 887; baseline 0.002 -14"><span class='ocrx_word' id='word_1_98' title='bbox 0 841 91 874; x_wconf 85' lang='lat' dir='ltr'><strong>missa</strong></span> <span class='ocrx_word' id='word_1_99' title='bbox 124 841 274 885; x_wconf 84' lang='lat' dir='ltr'><strong>patribus</strong></span> <span class='ocrx_word' id='word_1_100' title='bbox 307 841 471 874; x_wconf 79' lang='lat' dir='ltr'><strong>beneficia</strong></span> <span class='ocrx_word' id='word_1_101' title='bbox 504 843 737 875; x_wconf 81' lang='lat' dir='ltr'><strong>conferuntur.</strong></span> <span class='ocrx_word' id='word_1_102' title='bbox 785 842 934 881; x_wconf 77' lang='lat' dir='ltr'><strong>Verum,</strong></span> <span class='ocrx_word' id='word_1_103' title='bbox 963 852 1000 874; x_wconf 89' lang='lat' dir='ltr'><strong>ut</strong></span> <span class='ocrx_word' id='word_1_104' title='bbox 1024 856 1126 887; x_wconf 81' lang='lat' dir='ltr'><strong>saepe</strong></span> 
     </span>
     <span class='ocr_line' id='line_1_14' title="bbox 0 901 1125 948; baseline 0.004 -14"><span class='ocrx_word' id='word_1_105' title='bbox 0 901 279 940; x_wconf 78' lang='lat' dir='ltr'><strong>commonuimus,</strong></span> <span class='ocrx_word' id='word_1_106' title='bbox 305 902 403 935; x_wconf 78' lang='lat' dir='ltr'><strong>etiam</strong></span> <span class='ocrx_word' id='word_1_107' title='bbox 428 902 462 936; x_wconf 82' lang='lat' dir='ltr'><strong>in</strong></span> <span class='ocrx_word' id='word_1_108' title='bbox 483 904 651 948; x_wconf 71' lang='lat' dir='ltr'><strong>praesenti</strong></span> <span class='ocrx_word' id='word_1_109' title='bbox 667 904 746 936; x_wconf 86' lang='lat' dir='ltr'><strong>loco</strong></span> <span class='ocrx_word' id='word_1_110' title='bbox 768 903 824 936; x_wconf 81' lang='lat' dir='ltr'><strong>illa</strong></span> <span class='ocrx_word' id='word_1_111' title='bbox 843 912 889 935; x_wconf 72' lang='lat' dir='ltr'><strong>est</strong></span> <span class='ocrx_word' id='word_1_112' title='bbox 915 905 1125 938; x_wconf 71' lang='lat' dir='ltr'><strong>observanda</strong></span> 
     </span>
     <span class='ocr_line' id='line_1_15' title="bbox 0 963 1125 1010; baseline 0.001 -13"><span class='ocrx_word' id='word_1_113' title='bbox 0 963 186 1002; x_wconf 75' lang='lat' dir='ltr'><strong>distinctio,</strong></span> <span class='ocrx_word' id='word_1_114' title='bbox 219 964 313 1007; x_wconf 88' lang='lat' dir='ltr'><strong>quod</strong></span> <span class='ocrx_word' id='word_1_115' title='bbox 343 963 443 997; x_wconf 79' lang='lat' dir='ltr'><strong>Israel</strong></span> <span class='ocrx_word' id='word_1_116' title='bbox 475 965 629 1009; x_wconf 83' lang='lat' dir='ltr'><strong>quidem,</strong></span> <span class='ocrx_word' id='word_1_117' title='bbox 671 965 728 1010; x_wconf 81' lang='lat' dir='ltr'><strong>qui</strong></span> <span class='ocrx_word' id='word_1_118' title='bbox 768 965 925 998; x_wconf 78' lang='lat' dir='ltr'><strong>inimicus</strong></span> <span class='ocrx_word' id='word_1_119' title='bbox 957 974 1004 998; x_wconf 85' lang='lat' dir='ltr'><strong>est</strong></span> <span class='ocrx_word' id='word_1_120' title='bbox 1034 966 1125 1005; x_wconf 81' lang='lat' dir='ltr'><strong>Deo,</strong></span> 
     </span>
     <span class='ocr_line' id='line_1_16' title="bbox 0 1024 1126 1070; baseline 0.002 -13"><span class='ocrx_word' id='word_1_121' title='bbox 0 1024 52 1057; x_wconf 83' lang='lat' dir='ltr'><strong>ille</strong></span> <span class='ocrx_word' id='word_1_122' title='bbox 77 1024 219 1062; x_wconf 80' lang='lat' dir='ltr'><strong>dicatur,</strong></span> <span class='ocrx_word' id='word_1_123' title='bbox 244 1024 301 1068; x_wconf 85' lang='lat' dir='ltr'><strong>qui</strong></span> <span class='ocrx_word' id='word_1_124' title='bbox 328 1025 450 1057; x_wconf 84' lang='lat' dir='ltr'><strong>clamat</strong></span> <span class='ocrx_word' id='word_1_125' title='bbox 475 1027 517 1058; x_wconf 90' lang='lat' dir='ltr'><strong>de</strong></span> <span class='ocrx_word' id='word_1_126' title='bbox 542 1025 695 1060; x_wconf 78' lang='lat' dir='ltr'><strong>Christo:</strong></span> <span class='ocrx_word' id='word_1_127' title='bbox 731 1025 895 1070; x_wconf 77' lang='lat' dir='ltr'><strong>„tolle,³)</strong></span> <span class='ocrx_word' id='word_1_128' title='bbox 918 1027 1016 1066; x_wconf 85' lang='lat' dir='ltr'><strong>tolle,</strong></span> <span class='ocrx_word' id='word_1_129' title='bbox 1048 1041 1126 1059; x_wconf 84' lang='lat' dir='ltr'><strong>cru-</strong></span> 
     </span>
     <span class='ocr_line' id='line_1_17' title="bbox 0 1084 1126 1128; baseline 0.004 -11"><span class='ocrx_word' id='word_1_130' title='bbox 0 1085 92 1126; x_wconf 76' lang='lat' dir='ltr'><strong>cifige</strong></span> <span class='ocrx_word' id='word_1_131' title='bbox 123 1084 244 1118; x_wconf 85' lang='lat' dir='ltr'><strong>eum!“</strong></span> <span class='ocrx_word' id='word_1_132' title='bbox 320 1084 511 1128; x_wconf 80' lang='lat' dir='ltr'><strong>Quomodo</strong></span> <span class='ocrx_word' id='word_1_133' title='bbox 551 1089 640 1121; x_wconf 75' lang='lat' dir='ltr'><strong>enim</strong></span> <span class='ocrx_word' id='word_1_134' title='bbox 680 1101 753 1120; x_wconf 88' lang='lat' dir='ltr'><strong>non</strong></span> <span class='ocrx_word' id='word_1_135' title='bbox 796 1087 953 1120; x_wconf 81' lang='lat' dir='ltr'><strong>dicantur</strong></span> <span class='ocrx_word' id='word_1_136' title='bbox 996 1087 1126 1121; x_wconf 81' lang='lat' dir='ltr'><strong>inimici</strong></span> 
     </span>
     <span class='ocr_line' id='line_1_18' title="bbox 0 1145 1128 1190; baseline 0.003 -12"><span class='ocrx_word' id='word_1_137' title='bbox 0 1146 71 1185; x_wconf 81' lang='lat' dir='ltr'><strong>Dei,</strong></span> <span class='ocrx_word' id='word_1_138' title='bbox 85 1145 120 1190; x_wconf 75' lang='lat'><strong>4&gt;</strong></span> <span class='ocrx_word' id='word_1_139' title='bbox 147 1147 204 1190; x_wconf 79' lang='lat' dir='ltr'><strong>qui</strong></span> <span class='ocrx_word' id='word_1_140' title='bbox 228 1147 279 1179; x_wconf 82' lang='lat' dir='ltr'><strong>vel</strong></span> <span class='ocrx_word' id='word_1_141' title='bbox 305 1156 395 1186; x_wconf 91' lang='lat' dir='ltr'><strong>tunc,</strong></span> <span class='ocrx_word' id='word_1_142' title='bbox 419 1149 470 1180; x_wconf 85' lang='lat' dir='ltr'><strong>vel</strong></span> <span class='ocrx_word' id='word_1_143' title='bbox 496 1149 595 1181; x_wconf 81' lang='lat' dir='ltr'><strong>etiam</strong></span> <span class='ocrx_word' id='word_1_144' title='bbox 619 1161 712 1181; x_wconf 86' lang='lat' dir='ltr'><strong>nunc</strong></span> <span class='ocrx_word' id='word_1_145' title='bbox 740 1147 884 1181; x_wconf 79' lang='lat' dir='ltr'><strong>dixerim</strong></span> <span class='ocrx_word' id='word_1_146' title='bbox 907 1147 978 1187; x_wconf 77' lang='lat' dir='ltr'><strong>ista,</strong></span> <span class='ocrx_word' id='word_1_147' title='bbox 1001 1149 1051 1180; x_wconf 77' lang='lat' dir='ltr'><strong>vel</strong></span> <span class='ocrx_word' id='word_1_148' title='bbox 1077 1149 1128 1181; x_wconf 82' lang='lat' dir='ltr'><strong>di-</strong></span> 
     </span>
     <span class='ocr_line' id='line_1_19' title="bbox 0 1206 1127 1254; baseline 0.001 -14"><span class='ocrx_word' id='word_1_149' title='bbox 0 1206 96 1240; x_wconf 80' lang='lat' dir='ltr'><strong>cant?</strong></span> <span class='ocrx_word' id='word_1_150' title='bbox 121 1207 188 1240; x_wconf 88' lang='lat' dir='ltr'><strong>Sed</strong></span> <span class='ocrx_word' id='word_1_151' title='bbox 214 1209 307 1251; x_wconf 87' lang='lat' dir='ltr'><strong>quod</strong></span> <span class='ocrx_word' id='word_1_152' title='bbox 338 1208 434 1240; x_wconf 77' lang='lat' dir='ltr'><strong>dicit:</strong></span> <span class='ocrx_word' id='word_1_153' title='bbox 461 1208 671 1253; x_wconf 76' lang='lat' dir='ltr'><strong>„px-opter5)</strong></span> <span class='ocrx_word' id='word_1_154' title='bbox 698 1213 796 1241; x_wconf 88' lang='lat' dir='ltr'><strong>vos:“</strong></span> <span class='ocrx_word' id='word_1_155' title='bbox 819 1208 933 1251; x_wconf 71' lang='grc'><strong>11006)</strong></span> <span class='ocrx_word' id='word_1_156' title='bbox 960 1219 1015 1248; x_wconf 81' lang='lat' dir='ltr'><strong>est,</strong></span> <span class='ocrx_word' id='word_1_157' title='bbox 1041 1223 1127 1254; x_wconf 84' lang='lat' dir='ltr'><strong>quo-</strong></span> 
     </span>
     <span class='ocr_line' id='line_1_20' title="bbox 0 1268 1127 1314; baseline 0.003 -13"><span class='ocrx_word' id='word_1_158' title='bbox 0 1281 69 1301; x_wconf 75' lang='lat' dir='ltr'><strong>rum</strong></span> <span class='ocrx_word' id='word_1_159' title='bbox 94 1268 191 1301; x_wconf 77' lang='lat' dir='ltr'><strong>saluti</strong></span> <span class='ocrx_word' id='word_1_160' title='bbox 214 1268 338 1302; x_wconf 81' lang='lat' dir='ltr'><strong>scilicet</strong></span> <span class='ocrx_word' id='word_1_161' title='bbox 358 1269 519 1309; x_wconf 78' lang='lat' dir='ltr'><strong>invident,</strong></span> <span class='ocrx_word' id='word_1_162' title='bbox 534 1269 803 1314; x_wconf 81' lang='lat' dir='ltr'><strong>⁷)prohibentes</strong></span> <span class='ocrx_word' id='word_1_163' title='bbox 822 1272 1008 1313; x_wconf 85' lang='lat' dir='ltr'><strong>Apostolos</strong></span> <span class='ocrx_word' id='word_1_164' title='bbox 1033 1271 1127 1304; x_wconf 88' lang='lat' dir='ltr'><strong>Gen-</strong></span> 
     </span>
     <span class='ocr_line' id='line_1_21' title="bbox 0 1328 1127 1375; baseline 0.004 -14"><span class='ocrx_word' id='word_1_165' title='bbox 0 1328 81 1362; x_wconf 78' lang='lat' dir='ltr'><strong>tibus</strong></span> <span class='ocrx_word' id='word_1_166' title='bbox 106 1330 211 1374; x_wconf 82' lang='lat' dir='ltr'><strong>loqui,</strong></span> <span class='ocrx_word' id='word_1_167' title='bbox 236 1339 267 1362; x_wconf 87' lang='lat' dir='ltr'><strong>et</strong></span> <span class='ocrx_word' id='word_1_168' title='bbox 291 1340 529 1375; x_wconf 82' lang='lat' dir='ltr'><strong>persequentes</strong></span> <span class='ocrx_word' id='word_1_169' title='bbox 555 1344 622 1370; x_wconf 84' lang='lat' dir='ltr'><strong>eos,</strong></span> <span class='ocrx_word' id='word_1_170' title='bbox 647 1331 702 1374; x_wconf 86' lang='lat' dir='ltr'><strong>qui</strong></span> <span class='ocrx_word' id='word_1_171' title='bbox 727 1332 929 1364; x_wconf 77' lang='lat' dir='ltr'><strong>annuntiant</strong></span> <span class='ocrx_word' id='word_1_172' title='bbox 944 1331 1127 1366; x_wconf 73' lang='lat' dir='ltr'><strong>Christum.</strong></span> 
     </span>
     <span class='ocr_line' id='line_1_22' title="bbox 0 1390 1127 1436; baseline 0.003 -13"><span class='ocrx_word' id='word_1_173' title='bbox 0 1390 189 1424; x_wconf 87' lang='lat' dir='ltr'><strong>Secundum</strong></span> <span class='ocrx_word' id='word_1_174' title='bbox 215 1391 372 1436; x_wconf 78' lang='lat' dir='ltr'><strong>reliquias</strong></span> <span class='ocrx_word' id='word_1_175' title='bbox 386 1391 422 1435; x_wconf 76' lang='lat'><strong>⁸)</strong></span> <span class='ocrx_word' id='word_1_176' title='bbox 446 1405 537 1431; x_wconf 83' lang='lat' dir='ltr'><strong>vero,</strong></span> <span class='ocrx_word' id='word_1_177' title='bbox 562 1405 648 1436; x_wconf 76' lang='lat' dir='ltr'><strong>quae</strong></span> <span class='ocrx_word' id='word_1_178' title='bbox 671 1393 848 1426; x_wconf 78' lang='lat' dir='ltr'><strong>salvandae</strong></span> <span class='ocrx_word' id='word_1_179' title='bbox 879 1394 1057 1433; x_wconf 69' lang='lat' dir='ltr'><strong>dicuntur,</strong></span> <span class='ocrx_word' id='word_1_180' title='bbox 1092 1394 1127 1426; x_wconf 78' lang='lat' dir='ltr'><strong>in</strong></span> 
     </span>
     <span class='ocr_line' id='line_1_23' title="bbox 0 1451 1128 1499; baseline 0.004 -15"><span class='ocrx_word' id='word_1_181' title='bbox 0 1451 117 1495; x_wconf 79' lang='lat' dir='ltr'><strong>quibus</strong></span> <span class='ocrx_word' id='word_1_182' title='bbox 143 1453 260 1485; x_wconf 78' lang='lat' dir='ltr'><strong>electio</strong></span> <span class='ocrx_word' id='word_1_183' title='bbox 287 1452 497 1486; x_wconf 83' lang='lat' dir='ltr'><strong>credentium</strong></span> <span class='ocrx_word' id='word_1_184' title='bbox 515 1463 627 1486; x_wconf 83' lang='lat' dir='ltr'><strong>secuta</strong></span> <span class='ocrx_word' id='word_1_185' title='bbox 651 1462 699 1486; x_wconf 85' lang='lat' dir='ltr'><strong>cst</strong></span> <span class='ocrx_word' id='word_1_186' title='bbox 724 1467 760 1485; x_wconf 80' lang='lat' dir='ltr'><strong>ex</strong></span> <span class='ocrx_word' id='word_1_187' title='bbox 778 1455 890 1493; x_wconf 73' lang='lat' dir='ltr'><strong>Israel,</strong></span> <span class='ocrx_word' id='word_1_188' title='bbox 917 1455 1128 1499; x_wconf 78' lang='lat' dir='ltr'><strong>carissimi⁹)</strong></span> 
     </span>
    </p>
   </div>
   <div class='ocr_carea' id='block_1_3' title="bbox 0 1515 1129 1562">
    <p class='ocr_par' dir='ltr' id='par_1_3' title="bbox 0 1515 1129 1562">
     <span class='ocr_line' id='line_1_24' title="bbox 0 1515 1129 1562; baseline 0.004 -17"><span class='ocrx_word' id='word_1_189' title='bbox 0 1522 73 1546; x_wconf 85' lang='lat' dir='ltr'><strong>sunt</strong></span> <span class='ocrx_word' id='word_1_190' title='bbox 104 1523 248 1558; x_wconf 79' lang='lat' dir='ltr'><strong>propter</strong></span> <span class='ocrx_word' id='word_1_191' title='bbox 285 1523 413 1558; x_wconf 83' lang='lat' dir='ltr'><strong>patres:</strong></span> <span class='ocrx_word' id='word_1_192' title='bbox 455 1527 602 1558; x_wconf 87' lang='lat' dir='ltr'><strong>quornm</strong></span> <span class='ocrx_word' id='word_1_193' title='bbox 640 1515 766 1548; x_wconf 82' lang='lat' dir='ltr'><strong>scilicet</strong></span> <span class='ocrx_word' id='word_1_194' title='bbox 803 1516 904 1549; x_wconf 84' lang='lat' dir='ltr'><strong>fidem</strong></span> <span class='ocrx_word' id='word_1_195' title='bbox 943 1527 1129 1562; x_wconf 82' lang='lat' dir='ltr'><strong>sequentes,</strong></span> 
     </span>
    </p>
   </div>
   <div class='ocr_carea' id='block_1_4' title="bbox 91 1688 1131 1793">
    <p class='ocr_par' dir='ltr' id='par_1_4' title="bbox 91 1688 1131 1793">
     <span class='ocr_line' id='line_1_25' title="bbox 91 1688 662 1736; baseline 0.009 -16"><span class='ocrx_word' id='word_1_196' title='bbox 91 1688 124 1733; x_wconf 84' lang='lat'><strong>¹)</strong></span> <span class='ocrx_word' id='word_1_197' title='bbox 150 1688 237 1722; x_wconf 86' lang='lat' dir='ltr'><strong>Edd.</strong></span> <span class='ocrx_word' id='word_1_198' title='bbox 261 1689 419 1723; x_wconf 82' lang='lat' dir='ltr'><strong>Merlini:</strong></span> <span class='ocrx_word' id='word_1_199' title='bbox 444 1703 662 1736; x_wconf 75' lang='lat' dir='ltr'><strong>prosequens.</strong></span> 
     </span>
     <span class='ocr_line' id='line_1_26' title="bbox 91 1744 1131 1793; baseline 0.006 -17"><span class='ocrx_word' id='word_1_200' title='bbox 91 1744 128 1788; x_wconf 81' lang='grc'><strong>2)</strong></span> <span class='ocrx_word' id='word_1_201' title='bbox 154 1744 244 1778; x_wconf 83' lang='lat' dir='ltr'><strong>Editi</strong></span> <span class='ocrx_word' id='word_1_202' title='bbox 270 1745 317 1791; x_wconf 82' lang='lat' dir='ltr'><strong>(v.</strong></span> <span class='ocrx_word' id='word_1_203' title='bbox 345 1760 371 1778; x_wconf 89' lang='lat' dir='ltr'><strong>c.</strong></span> <span class='ocrx_word' id='word_1_204' title='bbox 397 1747 472 1779; x_wconf 83' lang='lat' dir='ltr'><strong>edd.</strong></span> <span class='ocrx_word' id='word_1_205' title='bbox 496 1747 584 1790; x_wconf 83' lang='lat' dir='ltr'><strong>M.):</strong></span> <span class='ocrx_word' id='word_1_206' title='bbox 616 1757 668 1786; x_wconf 80' lang='lat' dir='ltr'><strong>„et</strong></span> <span class='ocrx_word' id='word_1_207' title='bbox 698 1748 799 1780; x_wconf 78' lang='lat' dir='ltr'><strong>ramis</strong></span> <span class='ocrx_word' id='word_1_208' title='bbox 828 1747 899 1791; x_wconf 75' lang='lat' dir='ltr'><strong>(cd.</strong></span> <span class='ocrx_word' id='word_1_209' title='bbox 924 1748 971 1781; x_wconf 84' lang='lat' dir='ltr'><strong>M.</strong></span> <span class='ocrx_word' id='word_1_210' title='bbox 996 1749 1021 1782; x_wconf 87' lang='grc' dir='ltr'><strong>Ῑ.</strong></span> <span class='ocrx_word' id='word_1_211' title='bbox 1054 1762 1131 1793; x_wconf 76' lang='lat' dir='ltr'><strong>per-</strong></span> 
     </span>
    </p>
   </div>
   <div class='ocr_carea' id='block_1_5' title="bbox 0 1789 1130 1880">
    <p class='ocr_par' dir='ltr' id='par_1_5' title="bbox 0 1789 1130 1880">
     <span class='ocr_line' id='line_1_27' title="bbox 0 1789 1130 1838; baseline 0.005 -18"><span class='ocrx_word' id='word_1_212' title='bbox 0 1801 135 1831; x_wconf 79' lang='lat' dir='ltr'><strong>peram:</strong></span> <span class='ocrx_word' id='word_1_213' title='bbox 162 1789 275 1834; x_wconf 81' lang='lat' dir='ltr'><strong>rami)</strong></span> <span class='ocrx_word' id='word_1_214' title='bbox 301 1789 369 1836; x_wconf 68' lang='lat' dir='ltr'><strong>ejus</strong></span> <span class='ocrx_word' id='word_1_215' title='bbox 396 1791 539 1831; x_wconf 78' lang='lat' dir='ltr'><strong>oleastri,</strong></span> <span class='ocrx_word' id='word_1_216' title='bbox 565 1793 622 1835; x_wconf 89' lang='lat' dir='ltr'><strong>qui</strong></span> <span class='ocrx_word' id='word_1_217' title='bbox 638 1792 820 1825; x_wconf 75' lang='lat' dir='ltr'><strong>insultabat</strong></span> <span class='ocrx_word' id='word_1_218' title='bbox 843 1793 930 1838; x_wconf 77' lang='lat' dir='ltr'><strong>(alii,</strong></span> <span class='ocrx_word' id='word_1_219' title='bbox 952 1808 981 1827; x_wconf 79' lang='lat' dir='ltr'><strong>v.</strong></span> <span class='ocrx_word' id='word_1_220' title='bbox 1002 1808 1029 1827; x_wconf 87' lang='lat' dir='ltr'><strong>c.</strong></span> <span class='ocrx_word' id='word_1_221' title='bbox 1054 1796 1130 1828; x_wconf 80' lang='lat' dir='ltr'><strong>edd.</strong></span> 
     </span>
     <span class='ocr_line' id='line_1_28' title="bbox 0 1833 820 1880; baseline 0.006 -15"><span class='ocrx_word' id='word_1_222' title='bbox 0 1833 58 1874; x_wconf 65' lang='lat' dir='ltr'><strong>M„</strong></span> <span class='ocrx_word' id='word_1_223' title='bbox 83 1833 333 1880; x_wconf 55' lang='lat' dir='ltr'><strong>insultabunt)</strong></span> <span class='ocrx_word' id='word_1_224' title='bbox 357 1838 456 1869; x_wconf 82' lang='lat' dir='ltr'><strong>ramis</strong></span> <span class='ocrx_word' id='word_1_225' title='bbox 483 1837 590 1869; x_wconf 83' lang='lat' dir='ltr'><strong>olivae</strong></span> <span class='ocrx_word' id='word_1_226' title='bbox 615 1838 756 1870; x_wconf 79' lang='lat' dir='ltr'><strong>fractis.“</strong></span> <span class='ocrx_word' id='word_1_227' title='bbox 781 1837 820 1869; x_wconf 81' lang='lat' dir='ltr'><strong>R.</strong></span> 
     </span>
    </p>
   </div>
   <div class='ocr_carea' id='block_1_6' title="bbox 89 1889 802 2043">
    <p class='ocr_par' dir='ltr' id='par_1_6' title="bbox 89 1889 802 2043">
     <span class='ocr_line' id='line_1_29' title="bbox 89 1889 559 1932; baseline 0.009 -11"><span class='ocrx_word' id='word_1_228' title='bbox 89 1891 128 1932; x_wconf 79' lang='lat'><strong>³)</strong></span> <span class='ocrx_word' id='word_1_229' title='bbox 152 1889 213 1924; x_wconf 87' lang='lat' dir='ltr'><strong>Ev.</strong></span> <span class='ocrx_word' id='word_1_230' title='bbox 237 1893 360 1925; x_wconf 84' lang='lat' dir='ltr'><strong>Joann.</strong></span> <span class='ocrx_word' id='word_1_231' title='bbox 386 1892 480 1932; x_wconf 82' lang='lat' dir='ltr'><strong>XIX,</strong></span> <span class='ocrx_word' id='word_1_232' title='bbox 507 1893 559 1927; x_wconf 87' lang='lat'><strong>15.</strong></span> 
     </span>
     <span class='ocr_line' id='line_1_30' title="bbox 93 1944 802 1992; baseline 0.006 -14"><span class='ocrx_word' id='word_1_233' title='bbox 93 1944 128 1989; x_wconf 74' lang='lat'><strong>⁴)</strong></span> <span class='ocrx_word' id='word_1_234' title='bbox 153 1947 245 1980; x_wconf 83' lang='lat' dir='ltr'><strong>Editi</strong></span> <span class='ocrx_word' id='word_1_235' title='bbox 269 1949 316 1991; x_wconf 81' lang='lat' dir='ltr'><strong>(e.</strong></span> <span class='ocrx_word' id='word_1_236' title='bbox 341 1962 368 1981; x_wconf 87' lang='lat' dir='ltr'><strong>c.</strong></span> <span class='ocrx_word' id='word_1_237' title='bbox 395 1949 470 1981; x_wconf 86' lang='lat' dir='ltr'><strong>cdd.</strong></span> <span class='ocrx_word' id='word_1_238' title='bbox 496 1949 580 1992; x_wconf 33' lang='lat' dir='ltr'><strong>MA)</strong></span> <span class='ocrx_word' id='word_1_239' title='bbox 605 1950 737 1989; x_wconf 83' lang='lat' dir='ltr'><strong>„De0.“</strong></span> <span class='ocrx_word' id='word_1_240' title='bbox 763 1949 802 1982; x_wconf 84' lang='lat' dir='ltr'><strong>R.</strong></span> 
     </span>
     <span class='ocr_line' id='line_1_31' title="bbox 93 2001 414 2043; baseline 0.009 -10"><span class='ocrx_word' id='word_1_241' title='bbox 93 2001 130 2043; x_wconf 82' lang='lat'><strong>⁵)</strong></span> <span class='ocrx_word' id='word_1_242' title='bbox 153 2001 252 2035; x_wconf 81' lang='lat' dir='ltr'><strong>Rom.</strong></span> <span class='ocrx_word' id='word_1_243' title='bbox 278 2003 339 2042; x_wconf 88' lang='lat' dir='ltr'><strong>XI,</strong></span> <span class='ocrx_word' id='word_1_244' title='bbox 360 2004 414 2038; x_wconf 81' lang='lat'><strong>28.</strong></span> 
     </span>
    </p>
   </div>
   <div class='ocr_carea' id='block_1_7' title="bbox 3 2057 1134 2148">
    <p class='ocr_par' dir='ltr' id='par_1_7' title="bbox 3 2057 1134 2148">
     <span class='ocr_line' id='line_1_32' title="bbox 95 2057 1134 2104; baseline 0 -14"><span class='ocrx_word' id='word_1_245' title='bbox 95 2057 130 2100; x_wconf 81' lang='lat'><strong>⁶)</strong></span> <span class='ocrx_word' id='word_1_246' title='bbox 154 2057 284 2091; x_wconf 88' lang='lat' dir='ltr'><strong>Desunt</strong></span> <span class='ocrx_word' id='word_1_247' title='bbox 306 2060 424 2092; x_wconf 84' lang='lat' dir='ltr'><strong>verba:</strong></span> <span class='ocrx_word' id='word_1_248' title='bbox 449 2060 539 2101; x_wconf 81' lang='lat' dir='ltr'><strong>„hoe</strong></span> <span class='ocrx_word' id='word_1_249' title='bbox 566 2066 643 2101; x_wconf 86' lang='lat' dir='ltr'><strong>est,“</strong></span> <span class='ocrx_word' id='word_1_250' title='bbox 667 2062 700 2094; x_wconf 83' lang='lat' dir='ltr'><strong>in</strong></span> <span class='ocrx_word' id='word_1_251' title='bbox 727 2061 820 2093; x_wconf 73' lang='lat' dir='ltr'><strong>editis</strong></span> <span class='ocrx_word' id='word_1_252' title='bbox 846 2060 893 2104; x_wconf 80' lang='lat' dir='ltr'><strong>(v.</strong></span> <span class='ocrx_word' id='word_1_253' title='bbox 919 2073 945 2093; x_wconf 87' lang='lat' dir='ltr'><strong>e.</strong></span> <span class='ocrx_word' id='word_1_254' title='bbox 964 2060 1039 2092; x_wconf 81' lang='lat' dir='ltr'><strong>edd.</strong></span> <span class='ocrx_word' id='word_1_255' title='bbox 1056 2059 1134 2101; x_wconf 73' lang='lat' dir='ltr'><strong>M),</strong></span> 
     </span>
     <span class='ocr_line' id='line_1_33' title="bbox 3 2101 888 2148; baseline 0.003 -15"><span class='ocrx_word' id='word_1_256' title='bbox 3 2103 66 2136; x_wconf 83' lang='lat' dir='ltr'><strong>sed·</strong></span> <span class='ocrx_word' id='word_1_257' title='bbox 84 2101 302 2135; x_wconf 76' lang='lat' dir='ltr'><strong>restituuntur</strong></span> <span class='ocrx_word' id='word_1_258' title='bbox 327 2116 363 2136; x_wconf 84' lang='lat' dir='ltr'><strong>ex</strong></span> <span class='ocrx_word' id='word_1_259' title='bbox 388 2104 471 2139; x_wconf 87' lang='lat' dir='ltr'><strong>Msc.</strong></span> <span class='ocrx_word' id='word_1_260' title='bbox 497 2105 577 2148; x_wconf 79' lang='lat' dir='ltr'><strong>Reg,</strong></span> <span class='ocrx_word' id='word_1_261' title='bbox 607 2120 699 2139; x_wconf 88' lang='lat' dir='ltr'><strong>num.</strong></span> <span class='ocrx_word' id='word_1_262' title='bbox 727 2106 822 2140; x_wconf 83' lang='grc'><strong>1639.</strong></span> <span class='ocrx_word' id='word_1_263' title='bbox 849 2106 888 2141; x_wconf 69' lang='lat' dir='ltr'><strong>Px,</strong></span> 
     </span>
    </p>
   </div>
   <div class='ocr_carea' id='block_1_8' title="bbox 95 2156 1135 2206">
    <p class='ocr_par' dir='ltr' id='par_1_8' title="bbox 95 2156 1135 2206">
     <span class='ocr_line' id='line_1_34' title="bbox 95 2156 1135 2206; baseline 0.003 -17"><span class='ocrx_word' id='word_1_264' title='bbox 95 2156 131 2201; x_wconf 85' lang='lat'><strong>⁷)</strong></span> <span class='ocrx_word' id='word_1_265' title='bbox 157 2157 248 2190; x_wconf 81' lang='lat' dir='ltr'><strong>Editi</strong></span> <span class='ocrx_word' id='word_1_266' title='bbox 274 2158 321 2202; x_wconf 87' lang='lat' dir='ltr'><strong>(v.</strong></span> <span class='ocrx_word' id='word_1_267' title='bbox 348 2172 374 2191; x_wconf 92' lang='lat' dir='ltr'><strong>c.</strong></span> <span class='ocrx_word' id='word_1_268' title='bbox 399 2161 475 2192; x_wconf 81' lang='lat' dir='ltr'><strong>edd.</strong></span> <span class='ocrx_word' id='word_1_269' title='bbox 501 2160 585 2205; x_wconf 86' lang='lat' dir='ltr'>M.):</span> <span class='ocrx_word' id='word_1_270' title='bbox 613 2160 818 2201; x_wconf 78' lang='lat' dir='ltr'><strong>„invidentes</strong></span> <span class='ocrx_word' id='word_1_271' title='bbox 831 2161 1017 2206; x_wconf 73' lang='lat' dir='ltr'><strong>prohibent</strong></span> <span class='ocrx_word' id='word_1_272' title='bbox 1043 2163 1135 2204; x_wconf 81' lang='lat' dir='ltr'><strong>Apo-</strong></span> 
     </span>
    </p>
   </div>
   <div class='ocr_carea' id='block_1_9' title="bbox 5 2203 278 2236">
    <p class='ocr_par' dir='ltr' id='par_1_9' title="bbox 5 2203 278 2236">
     <span class='ocr_line' id='line_1_35' title="bbox 5 2203 278 2236; baseline 0.004 -1"><span class='ocrx_word' id='word_1_273' title='bbox 5 2203 128 2236; x_wconf 74' lang='lat' dir='ltr'><strong>stolos⁴‘</strong></span> <span class='ocrx_word' id='word_1_274' title='bbox 154 2212 214 2235; x_wconf 85' lang='lat' dir='ltr'><strong>etc.</strong></span> <span class='ocrx_word' id='word_1_275' title='bbox 239 2203 278 2236; x_wconf 85' lang='lat' dir='ltr'><strong>R.</strong></span> 
     </span>
    </p>
   </div>
   <div class='ocr_carea' id='block_1_10' title="bbox 8 2257 936 2355">
    <p class='ocr_par' dir='ltr' id='par_1_10' title="bbox 8 2257 936 2355">
     <span class='ocr_line' id='line_1_36' title="bbox 94 2257 936 2304; baseline 0.002 -14"><span class='ocrx_word' id='word_1_276' title='bbox 94 2258 131 2301; x_wconf 81' lang='lat'><strong>⁸)</strong></span> <span class='ocrx_word' id='word_1_277' title='bbox 159 2257 229 2291; x_wconf 80' lang='lat' dir='ltr'>Cfr.</span> <span class='ocrx_word' id='word_1_278' title='bbox 253 2258 352 2292; x_wconf 80' lang='lat' dir='ltr'><strong>Rom.</strong></span> <span class='ocrx_word' id='word_1_279' title='bbox 379 2259 438 2298; x_wconf 87' lang='lat' dir='ltr'><strong>XI,</strong></span> <span class='ocrx_word' id='word_1_280' title='bbox 463 2260 493 2293; x_wconf 87' lang='lat'><strong>5.</strong></span> <span class='ocrx_word' id='word_1_281' title='bbox 611 2262 646 2304; x_wconf 73' lang='lat'><strong>⁹)</strong></span> <span class='ocrx_word' id='word_1_282' title='bbox 671 2262 770 2294; x_wconf 85' lang='lat' dir='ltr'><strong>Rom.</strong></span> <span class='ocrx_word' id='word_1_283' title='bbox 797 2261 857 2300; x_wconf 88' lang='lat' dir='ltr'><strong>XI,</strong></span> <span class='ocrx_word' id='word_1_284' title='bbox 884 2260 936 2294; x_wconf 81' lang='lat'><strong>28.</strong></span> 
     </span>
     <span class='ocr_line' id='line_1_37' title="bbox 8 2317 893 2355; baseline 0.005 -4"><span class='ocrx_word' id='word_1_285' title='bbox 8 2317 182 2355; x_wconf 67' lang='lat' dir='ltr'><strong>Omezms</strong></span> <span class='ocrx_word' id='word_1_286' title='bbox 208 2319 346 2355; x_wconf 68' lang='lat' dir='ltr'><strong>OPERA.</strong></span> <span class='ocrx_word' id='word_1_287' title='bbox 380 2320 476 2354; x_wconf 60' lang='lat' dir='ltr'><strong>Toni.</strong></span> <span class='ocrx_word' id='word_1_288' title='bbox 501 2320 572 2353; x_wconf 81' lang='lat' dir='ltr'>VII.</span> <span class='ocrx_word' id='word_1_289' title='bbox 851 2322 893 2355; x_wconf 82' lang='lat'><strong>18</strong></span> 
     </span>
    </p>
   </div>
  </div>
 </body>
</html>
