1377 2454
213 118 282 154 260
483 118 660 152 Omenms
684 127 720 152 m
743 118 806 151 Ep,
832 126 879 151 An
905 117 1090 153 Romanos

217 208 361 255 quisque
384 210 571 242 secundum
586 209 619 253 ¹)
649 208 819 254 propositi
844 208 895 241 sui
919 218 1032 242 motus
1056 219 1114 242 aut
1137 210 1228 243 bona
1254 210 1351 252 oliva,

215 270 243 305 si
266 271 331 304 iter
354 271 484 305 virtutis
508 271 659 310 incedat,
692 280 750 303 aut
784 269 810 303 si
837 270 1005 303 contraria
1030 281 1182 311 sectetur,
1209 272 1353 305 oleaster

216 332 460 365 nominabitur.
501 334 586 365 Inde
611 332 758 376 denique
780 342 811 365 et
835 332 1007 365 Dominus
1031 332 1066 365 in
1090 333 1274 376 Evangelio
1301 333 1352 366 di-

220 394 333 427 ecbat:
359 404 437 434 „aut
450 394 486 438 ²)
512 394 611 427 facite
636 395 794 427 arborem
819 395 958 434 bonam,
984 403 1017 426 et
1039 395 1168 428 fructus
1193 393 1262 440 ejus
1287 397 1352 427 bo-

218 469 299 498 nos;
323 465 380 489 aut
404 455 502 488 facite
535 457 694 489 arborem
719 457 859 495 malam,
896 465 927 488 et
959 457 1088 489 fructus
1113 456 1183 502 ejus
1207 457 1354 506 mftlos:“

219 527 258 550 ut
283 519 485 557 ostenderet,
511 519 669 551 arborem
699 519 828 551 bonam
850 518 901 550 vel
927 518 1051 550 malam
1075 532 1147 551 non
1171 517 1272 557 nasci,
1296 519 1355 551 sed

222 579 303 612 fieri.
365 581 442 612 Jam
475 593 553 612 vero
580 579 655 624 si3)
680 581 817 612 accedat
843 579 971 624 aliquid
997 580 1039 611 ad
1065 579 1193 613 arbitrii
1217 579 1354 612 liberta-

220 651 300 681 tem,
326 642 419 686 quod
445 641 647 674 extrinsecus
672 643 723 675 vel
748 643 791 674 ad
817 642 906 674 mala
928 650 1101 685 provocet,
1125 642 1177 674 vel
1203 642 1357 674 hortetur

221 704 264 736 ad
289 705 380 736 bona
404 717 465 748 per
487 703 676 737 ineffabiles
703 704 864 748 quasdam
891 703 1022 736 divinae
1038 703 1270 747 providentiae
1289 702 1355 735 dis-

223 765 457 810 pensationes,
488 765 522 797 in
547 766 644 797 nullo
665 765 941 810 consequentiam
956 765 1152 809 propositae
1170 763 1357 797 absolutio-

222 827 274 860 nis
300 827 455 860 offendit.
502 827 615 859 Habet
648 826 738 859 enim
763 827 798 859 in
812 826 847 870 ⁴)
879 836 984 859 semet
1015 827 1086 871 ipsa
1109 835 1228 859 natura
1254 826 1359 858 ratio-

223 889 345 921 nabilis
369 888 582 932 vigentem⁵)
608 897 640 920 et
665 889 707 920 ad
732 889 814 921 haec
834 888 963 920 arbitrii
989 889 1190 927 libertatem,
1216 901 1281 932 qua
1307 887 1359 920 ve}

225 950 377 989 obedire,
402 949 427 983 si
453 949 541 989 velit,
564 950 775 994 provocanti,
800 951 870 990 vel,
894 950 920 983 si
944 950 1048 989 nolit,
1075 963 1231 994 spernere
1255 949 1362 993 possit

224 1013 428 1046 hortantem.
475 1011 582 1054 Quod
607 1021 718 1044 autem
745 1011 906 1051 diximus,
941 1011 1018 1056 quia
1052 1011 1211 1043 materiae
1236 1024 1360 1055 corpo-

225 1073 288 1107 rali
320 1072 565 1116 accedentes⁶)
602 1072 803 1105 extrinsecus
839 1073 1014 1117 qualitates
1052 1073 1201 1105 reddunt
1235 1072 1360 1117 species

226 1135 382 1174 diversas,
408 1134 536 1178 aliquas
561 1134 698 1179 quidem
730 1136 772 1167 :ul
796 1135 942 1167 multum
966 1144 1100 1179 tempus
1116 1144 1363 1181 permanentes,

227 1196 357 1242 aliquas
381 1198 422 1230 ad
448 1197 566 1236 breve,
596 1197 780 1230 nonnullas
814 1210 894 1229 vcro
927 1210 998 1229 non
1029 1197 1141 1229 solum
1173 1197 1268 1229 annis
1295 1196 1362 1229 exi-

227 1259 309 1301 guis,
335 1260 394 1291 sed
419 1258 589 1291 interdum
616 1259 714 1291 etiam
740 1258 912 1291 mensibus
941 1267 999 1291 aut
1030 1258 1148 1291 diebus
1172 1258 1287 1303 paucis
1312 1257 1363 1291 vix

229 1322 398 1359 durantes,
422 1321 466 1353 ita
499 1320 704 1363 intelligitur.
752 1320 857 1352 Verbi
888 1333 1003 1353 causa:
1035 1321 1160 1366 species
1194 1319 1299 1359 coeli,
1331 1329 1364 1353 et

228 1381 319 1421 solis,
344 1381 450 1425 aut7)
476 1382 594 1421 lunae,
625 1382 676 1414 vel
707 1391 874 1414 astrorum
906 1381 1030 1414 talibus
1062 1382 1265 1426 quibusdam
1290 1383 1362 1414 for-

227 1452 338 1476 matae
361 1452 439 1475 sunt
465 1443 691 1487 qualitatibus,
718 1457 803 1487 quae
828 1456 935 1487 usque
959 1444 1001 1475 nd
1019 1443 1143 1476 saeculi
1158 1444 1260 1476 finem
1285 1457 1364 1488 per-

229 1505 352 1537 durare
376 1504 560 1543 sufficiant,
593 1513 625 1536 et
658 1517 765 1548 usque
791 1518 859 1549 quo
884 1504 1072 1538 liberentur
1096 1506 1183 1549 μήθ)
1207 1505 1364 1539 servitute

230 1565 458 1610 corruptionis
490 1566 523 1598 in
556 1566 746 1599 libertatem
778 1566 904 1608 gloriae
935 1566 1086 1599 filiorum
1118 1567 1214 1601 Dei.“
1269 1567 1363 1601 Aliae

231 1641 311 1660 vero
344 1637 421 1660 sunt
460 1638 673 1661 terrenorum
712 1642 896 1673 corporum
932 1628 1124 1673 qualitates,
1156 1638 1188 1661 et
1216 1628 1251 1661 in
1286 1628 1361 1674 ipsis

329 1750 362 1793 ¹)
386 1750 480 1783 Editi
511 1750 558 1795 (v,
591 1764 617 1783 c.
649 1751 725 1784 edd.
750 1751 837 1796 M.):
868 1752 1075 1791 „secundum
1106 1750 1282 1796 proposita
1315 1752 1376 1792 sui·

232 1800 368 1828 motus“
392 1805 453 1828 etc.
477 1796 507 1828 R

326 1851 363 1894 ²)
387 1851 506 1884 Matth.
531 1851 608 1890 XII,
631 1852 685 1885 33.
702 1871 742 1876 ——
767 1852 856 1884 Edd.
882 1851 1036 1884 Merlini:
1063 1861 1120 1884 aut
1142 1850 1240 1884 facite
1263 1851 1377 1883 arbo-¹

234 1908 306 1928 rem
331 1897 465 1934 malam,
492 1906 523 1929 et
546 1899 693 1929 fructum
720 1895 790 1941 ejus
822 1897 967 1938 malum3
990 1906 1047 1929 aut
1076 1896 1176 1929 facite
1207 1897 1377 1929 arborem

233 1941 373 1981 bonam,
398 1951 429 1974 et
453 1943 599 1974 fructum
626 1941 696 1986 ejus
719 1942 860 1974 bonum.

275 2041 308 2075 di
327 1996 479 2073 ³)Ilzssias
511 1998 559 2042 (v,
583 2011 611 2030 e.
634 1996 670 2029 in
696 1998 771 2030 edd.
798 1997 883 2041 Md)
907 1998 956 2037 „si
980 1997 1139 2037 accidit,“
1172 1997 1213 2029 al.
1239 1996 1286 2037 „si
1310 2009 1371 2029 εις-ι

236 2054 272 2075 ce
311 2047 353 2074 t.“
409 2069 415 2075 .

328 2096 364 2139 ⁴)
390 2097 480 2130 Alias
504 2102 552 2142 (v.
578 2111 603 2131 c.
627 2098 662 2130 in
687 2099 763 2131 edd.
788 2098 874 2142 M.>:
900 2098 955 2138 „in
980 2107 1084 2131 semet
1108 2097 1212 2143 ips0.“
1236 2098 1275 2131 R.

330 2154 365 2198 ⁵)
390 2154 483 2188 Editi
507 2156 554 2198 (e.
579 2167 606 2190 c,
622 2154 698 2186 edd.
714 2153 799 2194 Μ.);
824 2153 1010 2196 „vigentem
1035 2154 1088 2199 (et
1111 2155 1193 2187 haec
1216 2152 1353 2198 arbitriiJ

236 2198 436 2239 libertatem,
462 2213 546 2244 quae
572 2199 645 2231 vel“
670 2207 728 2231 etc.
754 2199 785 2231 R

328 2254 365 2298 6>
392 2255 483 2288 Editi
500 2255 546 2300 (v.
562 2269 589 2288 c.
602 2255 677 2288 edd.
692 2255 776 2299 M.):
792 2254 1002 2296 „accidentes
1021 2254 1312 2288 ext1·insecus“etc.
1324 2255 1352 2287 R
1374 2275 1377 2281 ι

331 2311 366 2355 7)
392 2313 479 2346 Edd.
507 2311 658 2345 Merlini:
685 2324 722 2344 ae
746 2311 855 2344 lunae.
953 2310 989 2354 ⁸)
1013 2310 1115 2346 Rom.
1141 2310 1231 2351 VIII,
1254 2311 1308 2344 21.
