1377 2454
324 81 675 116 Communmonum
699 80 771 114 Lm.
796 82 889 115 VIII.
1088 84 1156 119 243

27 174 110 207 haec
132 183 254 210 mensa,
278 180 315 204 ut
337 170 486 204 breviter
509 169 630 210 dicam,
657 172 844 205 secundum
870 173 1010 206 verbum
1032 172 1156 206 Domi-

27 235 80 275 ni,
111 246 178 278 quo
204 232 268 265 ait:
300 232 490 278 „putatis¹)
516 231 593 277 quia
619 244 680 273 ego
705 245 858 266 accusem
889 246 949 266 vos
975 235 1065 278 apud
1091 234 1158 268 Pa-

27 293 134 330 trem?
168 293 226 327 Est
257 294 314 339 qui
347 308 404 328 vos
437 303 586 334 accuset,
618 293 748 327 Moses:
752 298 771 313 “
796 303 827 327 et
849 296 1035 327 secundnm
1060 295 1157 335 mad,

27 357 116 402 quod
144 356 328 400 Apostolus
361 356 458 389 dicit:
496 355 738 399 „quotquot²)
770 369 832 400 per
864 356 970 396 Iegem
997 369 1158 400 peccave-

25 426 112 455 runt,
136 430 198 462 per
221 417 325 457 legem
351 416 623 462 judicabuntur.“
668 417 726 449 Fit
751 427 860 450 autem
877 425 908 449 et
932 417 986 456 „fn
1001 416 1037 462 ³)
1063 431 1159 449 senn-

27 480 162 512 dalum“
186 477 273 521 {is⁴)
297 492 410 511 mensa
437 479 519 511 haec
544 480 608 510 hoc
633 479 751 511 modo.
798 477 848 509 Ex
865 477 1046 522 scripturis
1072 478 1159 511 didi-

27 548 139 572 cerant
156 539 190 583 ⁵)
215 540 355 579 Judaef‚
381 540 458 584 quia
491 540 667 580 „Christus
682 539 717 583 ⁵)
747 540 780 572 in
807 549 979 572 aeternum
1006 544 1158 571 manet:“

26 601 140 634 Jesum
166 604 246 634 v'ero
278 601 426 635 videntes
462 603 495 635 in
522 614 640 641 carne,
674 610 704 633 et
734 614 805 634 non
836 602 947 634 solum
981 600 1016 632 in
1049 613 1160 640 carne,

25 664 82 697 sed
98 661 132 707 ⁷)
165 671 197 694 et
227 663 260 695 in
288 672 414 702 morte,
440 673 471 696 et
494 672 603 696 morte
630 656 761 702 crucis,'
785 662 1102 695 scandalizabantur
1126 663 1161 695 in

28 737 115 764 eum,
138 724 331 763 nescientes,
357 727 434 768 quia
459 725 586 768 „etsi⁶)
611 738 726 769 passus
745 733 792 757 est
816 737 853 756 ex
870 724 1063 756 infirmitate
1089 736 1162 755 car-

27 785 96 824 nis,
126 786 183 818 sed
216 785 295 818 vivit
327 799 362 818 ex
394 786 515 819 virtute
547 786 645 819 Dei.“
700 785 793 818 Haec
825 797 904 826 ergo
929 784 1056 825 singula
1084 784 1161 828 quia

26 860 98 880 non
131 845 430 891 intelligibiliter9)
463 857 685 892 acceperunt,
717 860 805 891 quae
838 846 992 891 apposita
1018 855 1095 879 sunt
1126 845 1164 878 iis

29 909 70 941 ad
97 922 245 941 mensam
271 910 427 953 potentis,
452 909 667 942 scandalizati
691 918 778 947 sunt,
804 908 924 952 etipsa
942 921 1055 940 mensa
1073 907 1165 940 Scri-

27 979 206 1015 pturarum
238 970 427 1003 divinarum
461 972 546 1003 facta
587 980 633 1004 est
665 971 776 1015 iis¹⁰)
812 969 846 1002 in
878 970 1096 1008 scandalum,
1133 978 1165 1001 et

31 1031 202 1064 obscurati
227 1040 304 1064 sunt
330 1031 422 1063 oculi
448 1045 567 1064 eorum
591 1033 780 1064 secundum
805 1045 854 1070 ea,
879 1043 965 1074 quae
987 1043 1089 1074 supra
1116 1030 1166 1063 di-

31 1091 155 1130 ximus,
193 1101 224 1124 et
257 1093 395 1125 dorsum
429 1106 547 1125 eorum
587 1102 761 1125 curvatum
787 1101 835 1125 est
859 1104 1003 1135 semper.
1049 1092 1168 1135 Neque

32 1153 121 1185 enim
148 1154 312 1186 deberent
335 1155 422 1186 ultra
449 1155 583 1187 coelum
610 1154 802 1198 adspicere,
840 1154 895 1197 qui
921 1154 953 1186 in
980 1162 1166 1185 creatorem

33 1214 118 1246 coeli
144 1224 377 1258 peccaverunt,
405 1224 436 1247 et
460 1215 493 1247 in
510 1214 698 1247 Dominum
719 1214 906 1261 majvstatis.
945 1215 1011 1246 Sed
1039 1223 1069 1246 et
1093 1213 1169 1246 uni—

33 1275 154 1319 cuique
171 1286 324 1309 nostrum
343 1277 529 1309 verendum
547 1285 601 1315 est,
625 1289 668 1308 ne
683 1278 772 1309 forte
795 1277 878 1308 haec
902 1275 1096 1308 divinorum
1112 1276 1119 1294 ¹
1135 1275 1168 1318 ¹)

129 1436 162 1480 ¹)
185 1436 244 1469 Ev.
268 1436 394 1470 Joann.
418 1436 458 1476 V,
482 1437 535 1470 45.
562 1455 601 1461 --
627 1435 719 1468 Edd.
746 1435 903 1469 Merlini:
936 1436 995 1468 Est
1030 1435 1087 1480 qui
1114 1449 1170 1468 ac-

35 1490 124 1514 cuset
150 1495 217 1521 vos,
241 1481 277 1513 M
284 1495 364 1514 oses.

129 1537 165 1582 ²)
192 1538 274 1570 Msc.
305 1537 384 1578 Reg.
418 1551 511 1570 num.
550 1536 648 1572 1639.
685 1546 877 1581 „quotquot
915 1536 948 1569 in
976 1537 1069 1577 lege“
1107 1545 1169 1569 etc.

35 1584 126 1618 Alias
164 1583 210 1627 (v,
252 1595 279 1615 c.
312 1583 346 1614 in
387 1583 462 1615 edd.
495 1582 580 1625 M.):
611 1582 830 1626 „quicunque
863 1595 925 1626 per
956 1583 1085 1623 legem“
1110 1591 1170 1615 etc.

33 1629 74 1662 R.
99 1649 139 1655 --
166 1628 266 1660 Rom.
291 1627 332 1666 II,
357 1628 408 1661 12.

128 1684 164 1729 ³)
189 1683 290 1716 Rom.
316 1683 375 1722 XI,
399 1683 429 1716 9.
455 1683 533 1715 coll.
558 1682 680 1715 Psalm.
705 1682 828 1721 LXIX,
851 1683 905 1716 22.
931 1682 1126 1726 (LXVIII.)

128 1740 164 1784 ⁴)
190 1740 322 1779 Deest,
326 1739 395 1777 ,iis“
419 1738 452 1771 in
479 1740 555 1771 edd.
580 1738 630 1770 M.

130 1797 166 1842 ⁵)
190 1797 254 1829 Ed.
278 1796 326 1829 M.
352 1795 401 1828 II:
427 1794 630 1831 dIdIcerunt

130 1852 167 1896 ⁶)
191 1851 250 1886 Ev,
275 1851 401 1884 Joann.
426 1850 512 1890 XII,
542 1851 595 1885 34.
627 1869 669 1876 -
701 1849 788 1882 Edd.
814 1849 969 1882 MerIini:
1000 1860 1114 1883 manet
1137 1851 1172 1883 iu

38 1907 221 1931 aeternum.

124 1951 168 2005 J)
192 1953 280 1986 Edd.
306 1951 462 1985 Merlini:
500 1952 560 1985 sed
584 1951 683 1984 etiam
720 1949 754 1983 1'n
794 1960 924 1990 morte,
961 1961 992 1984 et
1027 1960 1173 1984 mortem

42 2011 149 2031 cruets
174 2007 233 2030 etc.

133 2052 170 2095 Β)
195 2053 225 2084 ΙΙ
251 2051 329 2086 Cor.
353 2051 447 2091 XIII,
472 2052 502 2086 4.
527 2074 571 2082 -
595 2052 633 2084 In
661 2052 737 2084 edd.
763 2051 810 2085 Μ.
837 2052 926 2085 deest
949 2051 1059 2092 ‚,etsi.“

135 2108 172 2152 ⁹)
197 2107 267 2142 Cfr.
293 2107 392 2140 Prov.
416 2107 545 2148 XXIII,
570 2111 598 2144 1.

115 2163 172 2210 ¹⁰)
197 2165 285 2198 Edd.
318 2165 472 2198 Mer-lini:
505 2164 540 2196 in
571 2164 769 2199 scandalum
804 2163 852 2196 iis.
886 2183 926 2189 —
963 2163 1031 2196 Cfr.
1057 2163 1179 2197 PsaIm.

42 2209 164 2250 LXIX,
187 2212 241 2244 22.
264 2210 317 2244 23.
343 2209 536 2253 (LXVIII.)
561 2210 638 2242 coll.
669 2208 769 2241 Rom.
794 2208 854 2248 XI,
878 2209 908 2242 9.
936 2211 987 2243 10.

117 2265 172 2310 ¹¹)
196 2267 286 2300 Edd.
310 2264 469 2299 Merlinit
497 2265 693 2299 divinorum
717 2277 832 2297 mensa
858 2264 1053 2297 verborum.

905 2325 980 2358 16*
