1377 2454
187 59 233 93 36
458 56 637 92 Onmnms
660 67 700 92 m
722 57 785 91 Ep.
809 67 858 92 An
882 58 1062 93 Rommos

190 162 263 182 non
288 157 344 188 est,
367 147 395 181 si
418 147 492 182 viro
518 149 635 193 priore
659 150 822 182 defuncto
847 149 1006 193 suscipiat
1022 150 1172 183 secunda
1197 162 1329 183 connu-

190 211 257 244 bia.
304 210 349 242 Et
371 219 555 256 propterea
580 210 679 243 dicit:
705 210 826 252 „igitur
841 211 875 255 Ι)
899 211 1030 244 vivente
1055 211 1126 244 viro
1152 211 1330 252 cognomi-

190 271 328 305 nabitur
363 272 533 311 adultera,
571 271 597 304 si
632 272 734 304 fuerit
766 286 844 304 eum
869 272 936 305 alio
961 272 1034 305 viro
1046 276 1075 305 :“
1103 281 1141 305 ut
1166 273 1331 311 ostendat,

191 334 270 378 quia
295 343 326 366 et
350 333 463 366 anima
480 332 640 373 hominis,
665 333 691 366 si
714 332 782 378 jam
796 333 887 366 venit
911 334 954 366 ad
969 332 1152 373 Christum,
1176 343 1208 366 et
1230 332 1330 366 Chri-

189 404 241 428 sto
265 396 355 428 velut
377 396 529 428 secundo
555 394 627 427 viro
652 393 778 428 sociata
803 404 870 434 est,
901 395 997 427 nullo
1023 407 1145 436 genere
1167 395 1277 427 vivere
1301 393 1331 426 ei

192 458 293 490 debet
315 466 458 489 vetustas
481 456 608 495 literae,
634 469 721 500 quae
746 465 793 488 est
817 455 911 500 quasi
935 456 1034 501 prior
1058 456 1125 495 vir,
1157 468 1201 488 ne
1232 457 1331 494 sorte,

191 519 217 552 si
242 518 338 552 illum
364 518 536 551 habentia
560 531 595 550 se
618 518 795 557 viventem,
820 519 986 551 efficiatur
1008 519 1170 556 adultera,
1194 515 1331 561 quae2)

191 581 236 614 ita
262 581 413 613 secundo
439 579 566 612 sociata
593 588 658 618 est,
684 588 721 610 ut
755 579 783 611 ei
809 579 921 612 adhuc
947 580 1070 612 viveret
1092 579 1200 624 prior,
1249 579 1332 611 Hoc

193 652 249 681 est,
274 643 369 686 quod
392 654 455 685 per
479 640 581 674 aliam
607 642 748 681 figuram
779 641 860 673 etin
880 640 1115 686 superioribus
1139 640 1229 680 dixit,
1254 640 1333 684 quia

192 704 285 736 mori
305 703 398 748 prius
425 711 578 747 oportet,
609 711 642 735 et
670 702 715 735 ita
751 703 954 747 consepeliri
980 702 1128 735 Christo.
1174 702 1334 746 Denique

196 765 296 798 etiam
326 765 392 796 hoc
407 764 443 807 ³)
484 764 579 796 addit
612 765 646 796 in
676 763 940 808 posterioribus:
979 763 1183 807 „itaque,⁴)
1216 764 1332 795 fratres

194 826 279 865 mei,
318 835 349 858 et
378 839 435 858 vos
461 827 589 859 mortui
618 826 692 859 estis
717 825 780 866 legi
805 839 867 870 per
891 839 1016 870 corpus
1042 824 1183 865 Christi,
1207 834 1244 857 ut
1266 824 1333 857 sitis

194 888 340 926 alterius,
363 887 420 931 qui
448 900 485 918 ex
510 888 653 920 mortuis
678 888 871 926 resurrexit,
895 897 932 920 ut
957 886 1198 919 fructificemus
1224 886 1332 919 Deo.“

194 949 296 982 Vides
320 950 511 993 quomodo,
534 949 660 992 licet⁵)
689 950 873 989 figurarum
900 948 1069 981 diversitas
1092 948 1255 987 videatur,
1290 949 1333 980 ad

196 1024 304 1043 unum
329 1020 441 1042 tamen
473 1022 609 1042 sensum
635 1018 755 1042 cuncta
772 1018 983 1042 revocantur.
1018 1009 1105 1043 Nam
1120 1009 1156 1054 6)
1182 1019 1214 1042 et
1238 1011 1334 1054 quod

195 1073 304 1113 legem
329 1072 429 1104 nobis
454 1080 627 1103 mortuam
654 1071 744 1109 dicit,
767 1071 835 1103 hoc
860 1070 950 1102 idem
975 1072 1045 1103 vult
1064 1071 1214 1111 intelligi,
1239 1073 1334 1116 quod

197 1143 229 1166 et
252 1146 314 1165 nos
339 1131 466 1165 mortui
489 1145 605 1166 sumus
631 1132 695 1173 legi
719 1145 781 1176 per
806 1145 930 1176 corpus
945 1130 1079 1171 Christi,
1103 1132 1138 1165 in
1163 1146 1231 1177 quo
1258 1147 1335 1166 cor-

195 1207 282 1239 pore
305 1192 566 1237 ,‚iniquitates⁷)
593 1203 723 1226 nostras
747 1193 833 1232 tulit,
863 1203 894 1226 et
917 1202 1056 1237 peccata
1079 1204 1194 1228 nostra
1219 1204 1335 1239 porm-

194 1256 270 1296 vit,“
297 1265 329 1288 et
352 1256 387 1288 in
412 1267 480 1299 quo
507 1254 595 1287 exuit
619 1254 899 1300 „principatus⁸)
930 1264 960 1287 et
983 1264 1181 1299 potestates,
1213 1258 1333 1290 trium-

292 1383 327 1426 1)
351 1382 453 1414 Rom.
479 1381 553 1420 vn,
576 1381 608 1415 3.

290 1438 327 1480 2)
352 1438 460 1470 Alias:
493 1437 593 1480 „quia
626 1436 670 1469 ita
704 1437 816 1469 adhuc
839 1437 991 1470 secundo
1015 1437 1139 1470 sociata
1166 1447 1222 1477 est,
1245 1448 1281 1470 ut
1305 1439 1334 1471 ei

194 1484 258 1529 (al.
284 1492 322 1515 ut
346 1482 398 1524 si)
423 1482 535 1514 adhuc
558 1481 682 1513 viveret
705 1482 832 1525 p1i0r“
866 1482 904 1514 R.
934 1503 970 1507 ——
997 1482 1061 1515 Ed.
1092 1482 1140 1514 M.
1165 1483 1194 1514 I:
1226 1496 1335 1528 „quae

196 1531 242 1562 ita
267 1529 379 1562 adhuc
402 1527 553 1560 secundo
578 1527 704 1559 sociata
731 1536 793 1566 est,
824 1536 861 1559 ut
895 1527 924 1559 ei
955 1527 1079 1560 viveret
1108 1527 1250 1581 prio1‚“
1283 1530 1335 1561 ed.

195 1574 246 1606 M.
261 1574 309 1606 II:
335 1586 444 1616 „quae
468 1571 511 1604 ita
538 1572 650 1604 adhuc
674 1573 825 1604 secundo
849 1571 976 1605 sociata
1002 1581 1066 1612 est,
1098 1581 1136 1605 ut
1158 1573 1186 1606 si
1210 1573 1335 1607 viveret

198 1618 325 1664 prior“

293 1673 330 1717 ³)
353 1673 442 1706 Edd.
466 1672 623 1705 Merlini:
649 1672 713 1705 hic.
811 1671 847 1716 4)
871 1673 970 1705 Rom.
995 1673 1069 1713 VII,
1092 1673 1123 1708 4.

293 1729 329 1773 5)
354 1729 457 1762 Deest
480 1730 515 1761 iu
545 1729 640 1762 editis
664 1730 711 1772 (e.
738 1742 764 1761 c.
787 1729 823 1761 in
849 1729 925 1761 edd.
948 1728 1033 1773 MN)
1058 1729 1186 1769 „licet.“
1212 1729 1251 1763 R.

292 1784 328 1826 6)
353 1784 419 1817 Sic.
442 1783 526 1818 Msc.
544 1798 631 1817 unus
655 1784 733 1825 Reg.
757 1798 851 1817 num.
876 1785 972 1818 1641.
1013 1786 1108 1817 Alter
1133 1784 1215 1817 Msc.
1240 1799 1333 1819 num.

199 1830 296 1865 1639
344 1830 454 1868 „Nam
481 1829 638 1872 equidem
666 1829 770 1869 legem
789 1830 888 1862 nobis
903 1842 974 1861 mo}
965 1829 1141 1862 tificatam
1168 1830 1249 1863 dicit
1273 1845 1334 1874 per

198 1888 321 1919 corpus
347 1874 516 1913 Cluisti,
506 1887 543 1905 ln
569 1888 638 1918 quo
665 1878 832 1917 corpore“
862 1883 922 1906 etc.
932 1898 940 1912 ‚
966 1875 1092 1907 omissis
1117 1875 1333 1909 intermediis.

198 1920 330 1956 Caeteri
365 1932 445 1951 v·e10
484 1918 561 1951 Mss.
574 1943 582 1957 ‚
619 1919 798 1956 Rabanus‚
836 1928 867 1951 et
900 1919 979 1951 editi
1011 1921 1059 1963 (v.
1095 1933 1121 1952 c.
1147 1921 1223 1953 edd.
1247 1921 1332 1962 M.:)

195 1965 304 2005 „Nam
332 1973 363 1996 et
386 1965 478 2007 quod
504 1964 610 2004 legem
637 1963 735 1995 nobis
760 1973 930 1996 mortuam
957 1964 1055 2004 dicit,
1086 1965 1151 1997 hoc
1177 1965 1267 1998 idem
1293 1967 1334 1998 li-

198 2012 257 2042 bet
279 2009 340 2053 (al.
366 2008 529 2050 videtur)
538 1990 703 2048 ointeffigi,
730 2010 823 2051 quod
850 2018 881 2041 et
904 2008 929 2040 si
956 2009 1066 2052 (alias,
1089 2024 1118 2043 v.
1143 2023 1169 2042 c.
1194 2010 1228 2043 in
1256 2012 1332 2043 edd.

198 2055 258 2093 M„
284 2064 319 2086 et
344 2053 416 2096 sic)
440 2054 567 2086 monui
590 2066 705 2085 sumus
729 2054 824 2096 (edd.
850 2053 1003 2085 Merliui:
1031 2066 1097 2086 nos
1114 2057 1248 2087 monui
1274 2067 1331 2087 su-

196 2111 286 2137 πως,
311 2100 350 2132 al.
376 2097 602 2140 mortificati
624 2100 765 2139 sumus)
789 2098 852 2138 legi
876 2111 938 2142 per
959 2112 1083 2143 empus
1103 2098 1246 2133 Christi¹‘
1271 2110 1331 2132 etc.

198 2145 354 2177 Deinde:
379 2143 631 2187 „principatum
665 2152 697 2174 et
720 2152 939 2186 potestatem,
973 2144 1185 2188 tiiumphans
1217 2159 1272 2180 eos
1296 2145 1332 2178 in

196 2199 302 2223 semet
324 2190 419 2233 ipso.⁸
423 2188 498 2221 ‘.R

290 2243 326 2287 ⁷)
351 2243 449 2277 Jesai.
476 2244 615 2284 L111‚4
644 2244 696 2277 11
793 2243 829 2287 ὃ)
857 2244 987 2278 Coloss.
1014 2245 1055 2286 H,
1080 2247 1131 2279 15.
