1320 2444
309 75 661 111 Commummonum
684 73 758 106 Lm.
787 71 848 106 IX.
1076 71 1145 107 349

14 171 122 206 silium
145 165 263 211 gratias
287 176 362 209 agat
383 167 479 199 Deo:
510 166 584 205 ille,
619 163 677 208 qui
699 162 786 208 sapit
809 174 946 195 omnem
972 162 1081 202 diem,
1112 171 1143 194 et

13 231 71 277 qui
98 229 282 263 manducat
314 229 447 268 omnia,
483 228 520 260 id
550 235 612 266 cst,
659 225 717 270 qui
749 225 897 267 agnoseit
929 234 961 257 et
990 223 1145 264 intelligit

14 291 141 332 omni-³13
164 300 194 323 et
218 291 292 331 ille,
332 291 389 334 qui
417 290 496 322 licet
528 301 600 321 non
634 287 749 320 omnia
781 287 982 326 manducet,
1016 295 1047 318 et
1070 299 1144 317 non

11 352 245 386 universorum
272 351 527 392 intelligentiam
553 348 673 393 capiat,
700 349 793 381 brevi
819 357 932 380 tamen
955 346 1035 380 fidei
1062 360 1146 379 con-

9 413 153 448 sessione
176 414 329 446 salvatur.
378 412 422 444 Et
446 412 523 445 idco
550 410 649 443 etiam
674 424 745 442 non
777 409 987 442 manducans
1019 408 1145 447 omnia,

10 488 72 508 nec
97 474 253 507 omnium
287 473 459 507 scientiam
483 485 634 511 sumens,
672 483 770 512 agere
802 480 916 503 tamen
949 469 1048 502 etiam
1072 469 1145 514 ipse

10 535 127 578 gratias
153 534 278 569 dicitur
302 536 390 567 Deo.

97 596 150 631 39.
176 596 357 640 ‚‚Nemo¹)
391 596 480 628 enim
510 604 665 628 nostrum
689 594 751 627 sibi
777 594 871 633 vivit,
897 603 928 626 et
950 606 1054 626 nemo
1078 592 1144 626 sibi

9 657 172 691 moritur:
196 658 264 690 sive
285 657 384 690 etiam
408 657 558 696 vivimus,
583 656 738 689 Domino
765 656 924 688 vivimus:
947 655 1015 689 sive
1039 655 1146 687 mori-

9 732 96 759 mur,
120 719 276 751 Domino
301 718 478 752 morimur.
526 718 603 751 Sive
635 718 734 758 igitur
764 717 920 756 vivimus,
947 716 1014 749 sive
1036 716 1144 749 mori-

9 794 97 820 mur,
120 780 264 814 Domini
287 794 412 813 sumus.
472 780 512 811 In
543 780 610 812 hoc
634 779 725 811 enim
751 778 903 811 Christus
936 786 968 809 et
990 786 1146 810 mortuus

11 851 58 875 est
88 851 118 874 et
150 841 244 881 vixit,
277 850 314 874 ut
354 850 386 873 et
417 850 635 873 mortuorum
669 850 701 874 et
729 840 884 873 vivorum
919 839 1146 871 dominetur.“

11 902 105 947 Quid
138 903 179 936 sit
209 902 319 935 vivere
349 902 384 935 in
410 902 562 942 Christo,
596 912 628 935 et
652 903 733 947 quid
756 902 796 935 sit
820 900 959 943 mori2)
982 901 1018 933 in
1045 899 1146 932 Chri-

9 973 72 1005 sto,
96 964 223 997 dictum
247 977 349 1008 saepe
380 977 398 997 a
421 964 521 997 nobis
555 973 601 996 est
629 964 663 996 in
690 962 789 1008 hujus
821 962 982 1006 epistolae
1014 960 1147 1006 exposi—

10 1026 121 1066 tione,
148 1035 179 1058 et
201 1026 386 1071 praecipue
410 1025 444 1058 in
471 1038 510 1058 eo
535 1026 635 1066 loco,
659 1024 719 1057 ubi
745 1024 924 1069 explanare
947 1023 1146 1056 tentavimus

8 1100 201 1122 sermonem
227 1086 400 1132 Apostoli,
436 1100 504 1131 quo
531 1087 591 1119 ait:
624 1086 718 1131 „si³)
745 1096 855 1119 autem
880 1085 1008 1118 mortui
1032 1098 1147 1118 sumus

13 1162 89 1182 cum
116 1148 262 1188 Christo,
288 1150 459 1182 credimus
485 1148 564 1193 quia
597 1157 628 1181 et
658 1148 872 1181 convivemus
897 1146 957 1179 ei.“
1005 1147 1042 1179 Si
1066 1157 1145 1188 ergo

9 1210 243 1249 meminimus,
276 1223 362 1254 quae
393 1210 427 1242 in
459 1210 526 1242 hoc
551 1211 630 1243 loco
657 1210 743 1242 dicta
767 1218 855 1247 sunt,
880 1222 918 1240 cx
941 1208 1020 1252 ipsis
1045 1207 1147 1241 etiam

9 1273 203 1318 propositus
226 1271 312 1315 in⁴)
336 1271 502 1315 praesenti
517 1284 629 1305 sermo
655 1269 812 1315 Apostoli
837 1269 987 1313 apertior
1010 1278 1042 1302 et
1061 1270 1148 1302 luci-

10 1335 89 1368 dior
111 1334 183 1373 fiet,
215 1334 393 1378 quomodo
426 1346 529 1366 nemo
554 1342 710 1365 nostrum
747 1331 810 1365 sibi
841 1331 942 1369 vivat,
980 1339 1012 1362 et
1041 1343 1145 1363 nemo

8 1393 71 1427 sibi
95 1393 271 1428 moriatur.
327 1394 408 1426 Non
436 1394 526 1427 enim
550 1393 780 1437 unusquisque
803 1392 875 1437 ipsc
898 1391 963 1425 sibi
989 1393 1063 1433 dat,
1086 1393 1146 1426 sed

11 1468 29 1489 a
55 1455 190 1489 Christo
225 1454 326 1489 sumit
354 1455 474 1489 mortis
500 1456 709 1500 exemplum,
745 1453 850 1498 q¹1i5)
882 1455 973 1487 solus
1004 1463 1145 1499 peccato

9 1620 143 1641 sensum
170 1615 202 1638 ct
228 1605 408 1638 consilium
432 1607 550 1647 gratias
575 1606 640 1647 agit
664 1606 774 1638 Deo.“
820 1605 904 1639 BTsc.
938 1606 1019 1647 Reg.
1051 1619 1146 1639 num.

10 1652 107 1687 1639.
140 1653 350 1691 „secundum
379 1653 539 1694 Apostoli
574 1651 755 1683 consilium
781 1651 900 1691 gratias
932 1660 1006 1691 agat
1036 1651 1147 1684 Deo.⁴‘

12 1696 123 1730 Ceteri
147 1710 227 1729 vero
253 1696 330 1729 Mss.
357 1705 387 1727 et
413 1697 573 1729 stabamus
600 1707 634 1727 ut
659 1696 694 1727 in
720 1705 839 1728 nostro
867 1704 965 1728 textu.
992 1696 1032 1728 R.

103 1757 137 1802 ¹)
162 1756 262 1791 Rom.
294 1757 393 1796 XIV,
430 1758 460 1791 7.
492 1758 523 1791 8.
548 1758 578 1791 9.
612 1776 653 1781 -·
686 1757 819 1789 Desunt
842 1756 875 1788 in
908 1757 985 1789 edd.
1009 1756 1147 1790 Mer-lini

10 1803 127 1836 verba:
151 1802 238 1841 „sive
270 1802 369 1835 etiam
395 1802 551 1842 vivimus,
579 1802 735 1835 Domino
769 1801 924 1834 vivimus:
948 1802 1015 1835 sive
1039 1803 1147 1835 mori-

10 1861 99 1886 mur,
121 1867 165 1873 —
188 1861 312 1880 sumus.
360 1848 399 1879 In
425 1847 491 1880 hoc
518 1848 608 1881 euim
632 1866 674 1872 -—
700 1856 731 1879 et
754 1846 847 1886 vixit,
872 1855 909 1879 ut
935 1856 966 1879 et
989 1856 1147 1880 mortuo-

10 1905 86 1925 rum
114 1901 145 1925 et
167 1892 320 1924 vivorum
347 1893 571 1926 dominetur.“

103 1948 141 1992 ²)
165 1947 252 1980 Edd.
277 1948 433 1981 Merlini:
458 1948 493 1981 in
520 1948 652 1981 Christo
678 1947 777 1980 mori.
857 1947 892 1992 ³)
919 1948 1019 1981 Rom.
1046 1948 1102 1989 VI,
1116 1948 1148 1983 8.

106 2003 141 2047 4)
166 2003 261 2036 Editi
285 2003 333 2049 (v.
359 2016 385 2037 e.
410 2004 486 2036 edd.
509 2004 597 2045 M.):
622 2004 678 2043 „in
693 2003 859 2048 praesenti
878 2017 1035 2036 sermone
1050 2006 1148 2047 Apo-

12 2049 116 2082 stolus
141 2049 290 2092 apertior
315 2058 345 2080 et
369 2048 517 2081 lucidior
540 2050 606 2088 fier,
633 2051 812 2092 quomodo
837 2054 962 2081 nem0“
979 2059 1038 2081 etc.
1066 2050 1146 2082 Mss.

12 2094 169 2137 quidam:
203 2093 257 2132 „in
290 2094 457 2137 praesenti
486 2107 597 2127 sermo
632 2094 789 2138 Apostoli
823 2094 954 2126 videtur
986 2095 1146 2138 apertior,

14 2147 45 2170 et
70 2138 218 2170 lucidior
248 2139 325 2170 fiet“
350 2147 411 2175 etc,
468 2139 536 2172 Sed
570 2139 655 2172 Msc.
680 2139 760 2180 Reg.
783 2152 876 2172 num.
903 2139 999 2174 1639.
1023 2148 1054 2171 et
1077 2138 1147 2171 Ra-

12 2182 120 2216 banus
145 2193 183 2215 ut
205 2183 241 2215 in
265 2193 383 2216 nostro
408 2192 508 2216 textu.
534 2184 572 2216 R.

105 2237 142 2281 ⁵)
165 2237 272 2271 Editi:
311 2238 390 2282 „qui
426 2239 490 2271 soli
518 2250 660 2283 peccato
694 2250 848 2273 mortuus
888 2242 954 2271 est“
991 2248 1067 2279 etc„
1107 2239 1148 2273 al.

14 2282 145 2328 (itemq.
171 2284 246 2317 edd.
271 2283 340 2328 M.)
364 2283 444 2329 „qui
468 2284 541 2319 solo
567 2295 708 2330 peccato
733 2294 888 2320 mortuus
913 2288 979 2319 est“
1003 2293 1063 2318 etc.
1087 2283 1126 2316 R.
