1377 2454
360 44 713 78 COMMENTARJORUM
737 44 809 79 Lm.
836 43 909 78 vll.
1133 45 1200 80 119

68 145 198 181 tempus
222 147 285 179 pro
310 134 421 180 impiis
452 144 607 168 mortuus
637 142 685 166 est
710 137 791 166 —:“
822 142 956 166 sanctus
979 142 1093 166 autem
1118 133 1196 178 Spi-

68 197 149 230 ritus
177 209 248 228 non
278 210 342 241 pro
380 197 490 241 impiis
521 194 589 242 jam
626 195 836 239 interpellat,
872 195 931 228 sed
954 195 1088 240 ,‚pro¹)
1119 208 1196 229 san-

68 258 166 291 ctis:“
195 268 227 291 et
257 258 449 303 interpellat
474 271 544 290 non
569 258 755 290 secundum
781 269 934 297 carnem,
964 258 1023 290 sed
1056 270 1197 297 „secun-

65 320 147 352 dum
159 320 196 364 ²)
210 320 362 352 Deu1n2“
380 319 530 353 Christus
545 328 657 352 autem
674 331 745 351 non
761 319 947 351 secundum
969 318 1084 351 Deum
1101 332 1195 351 mor-

64 389 140 414 tuus
155 381 286 421 dicitur,
300 382 358 414 sed
371 382 557 414 secundum
579 393 726 413 carnem.
756 380 837 413 Ideo
852 393 923 413 non
945 380 1054 413 verbis
1069 382 1196 412 offerre

64 441 186 475 dicitur
211 442 353 486 Spiritus
378 441 681 486 interpellationem
707 455 771 486 pro
796 441 938 481 sanctis,
961 443 1020 474 sed
1044 441 1195 484 „gemiti-

63 503 215 547 bus:“3)
240 513 271 536 et
295 517 365 536 non
391 502 628 536 communibus
653 503 720 537 istis
744 502 932 545 gemitibus,
955 504 1014 536 sed
1037 503 1193 543 „inenar-

62 564 257 597 rabilibus.“
303 564 491 608 Quomodo
518 564 606 598 enim
632 564 779 597 enarrari
804 573 933 609 potest,
965 566 1061 609 quod
1085 564 1192 609 Spiri-

62 635 114 658 tus
146 626 212 658 Dei
241 626 394 670 loquitur
431 627 527 666 Deo,
566 640 642 659 cum
676 626 849 659 interdum
873 639 935 659 nec
958 625 1030 671 ipse
1055 626 1191 671 quidem

60 696 176 720 noster
198 686 349 731 spiritus,
382 689 474 732 quod
508 687 607 721 sentit
639 697 672 721 et
695 687 868 730 intelligit,
898 701 1056 721 sermone
1088 687 1194 732 possit

60 747 252 792 exponere?

150 811 179 844 7.
203 809 355 849 „Scimus
367 809 403 855 4)
429 818 559 850 autem,
593 810 805 855 quoniam⁵)
837 809 1053 853 diligentibus
1078 811 1192 843 Deum

58 870 173 904 omnia
198 882 425 916 cooperantur
448 871 482 904 in
506 873 657 912 bonum,
683 872 743 912 his,
769 872 827 917 qui
850 874 1036 905 secundum
1061 885 1191 917 propo-

58 932 158 966 situm
182 933 291 966 vocati
315 943 393 966 sunt
416 933 530 968 sancti.
585 935 673 966 Nam
705 947 790 978 quos
815 933 1009 978 praescivit,
1036 943 1069 966 et
1092 946 1190 977 prac-

59 994 233 1027 destinavit
258 996 451 1028 conformes
476 995 548 1028 fieri
563 995 599 1039 ὃ)
631 995 783 1037 imaginis
807 995 886 1028 Filii
910 995 971 1035 sui,
995 1005 1033 1027 ut
1056 995 1097 1028 sit
1121 995 1193 1039 ipse

57 1055 301 1100 primogenitus
324 1056 359 1088 in
383 1056 497 1088 multis
522 1056 712 1089 fratribus.“
750 1056 786 1090 Si
812 1056 966 1101 Spiritus,
995 1056 1115 1101 inquit,
1137 1055 1190 1088 in-

58 1116 260 1161 terp‹·!lat⁷)
291 1130 355 1161 pro
387 1117 487 1149 nobis
511 1117 689 1158 gemitibus
721 1117 1016 1157 inenarrabilibus,
1047 1127 1079 1150 ct
1112 1117 1188 1150 uni-

57 1191 149 1211 versa
175 1179 376 1222 crczaturab)
400 1179 617 1220 congemiscit
651 1188 683 1211 et
708 1179 870 1212 condolet
882 1179 918 1222 ⁹)
953 1192 1060 1223 usque
1088 1193 1190 1219 nunc,

58 1253 143 1284 quae
168 1240 437 1283 liberabitur'0)
460 1249 541 1272 tunc
567 1241 704 1272 demum
729 1253 748 1272 a
769 1240 927 1273 servitute
951 1240 1191 1285 corruptionis,

56 1315 133 1334 cum
158 1301 293 1334 libertas
309 1300 436 1343 gloriae
460 1301 610 1333 filiorum
628 1301 694 1333 Dei
719 1301 900 1340 advenerit,
926 1303 1103 1346 quomodo
1118 1316 1190 1335 non

55 1372 286 1407 competenter
317 1362 611 1406 pronuntiabitur,
645 1362 791 1408 quia¹¹)
829 1363 1063 1408 ‚‚scimus‚'²)
1095 1365 1190 1408 quod

57 1424 270 1466 diligentibus
304 1424 420 1456 Deum
456 1423 569 1456 omnia
606 1434 837 1468 cooperantur
864 1425 900 1458 in
925 1425 1102 1458 bonum?“
1149 1426 1188 1458 In

55 1495 187 1518 tantum
212 1485 301 1518 enim
326 1485 440 1518 omnia
466 1496 695 1530 cooperantur
718 1486 753 1519 in
771 1487 826 1531 ¹³)
856 1488 1000 1527 bonum,
1026 1496 1058 1520 et
1082 1488 1186 1520 colla-

150 1569 184 1611 ¹)
209 1570 310 1601 Rom.
334 1569 427 1608 VIII,
450 1569 505 1602 27.
600 1569 636 1613 ²)
660 1570 760 1603 Rom.
785 1570 878 1609 VIII,
901 1571 955 1604 27.

147 1625 184 1668 ³)
208 1625 308 1657 Rom.
336 1625 425 1664 VIII,
447 1625 502 1658 26.
598 1624 633 1668 ⁴)
658 1626 758 1659 Rom.
785 1626 875 1666 VIII,
898 1626 953 1660 28.
978 1626 1030 1660 29.

149 1681 185 1723 ⁵)
210 1680 299 1714 Edd.
324 1680 480 1713 Merlini:
507 1681 594 1726 quia.

147 1737 184 1780 ὃ)
208 1736 273 1769 Hic
306 1746 337 1769 et
364 1737 468 1777 infra,
492 1739 550 1771 cfr.
584 1751 616 1781 p.
643 1739 715 1772 120.
741 1747 812 1770 not.
837 1739 886 1778 9.,
923 1737 958 1770 in
989 1739 1072 1771 Msc.
1108 1739 1187 1780 Reg.

57 1795 146 1814 num.
171 1782 265 1816 1639.
292 1782 458 1815 omittitur
482 1783 606 1822 ,‚fieri.“
628 1783 670 1816 R.

148 1837 184 1881 ⁷)
207 1838 307 1871 Rom.
333 1838 425 1877 VIII,
448 1839 501 1872 26.
596 1839 634 1882 Β)
658 1839 757 1873 Rom.
785 1840 876 1880 VIII,
899 1841 955 1875 22.

148 1893 184 1937 ⁹)
207 1894 295 1926 Edd.
322 1895 479 1927 Merlini:
504 1895 607 1928 dolet.

128 1949 185 1992 ¹⁰)
207 1950 307 1983 Rom.
331 1951 423 1991 VIII,
446 1951 500 1986 21.
527 1971 568 1976 -—
592 1951 681 1984 Edd.
706 1950 862 1984 Merlini:
888 1951 1090 1985 liberabitur
1113 1961 1186 1984 tum

58 1995 205 2026 demum.

127 2050 184 2092 ¹¹)
209 2050 312 2083 Deest
340 2051 374 2084 in
407 2052 503 2086 editis
537 2052 584 2099 (ν.
612 2066 639 2086 c.
664 2053 739 2086 edd.
770 2052 855 2096 M.):
888 2053 1023 2098 „quia.¹‘
1076 2052 1184 2085 Alias:

55 2094 269 2140 „quoniam.“
293 2096 334 2129 R.

127 2150 183 2194 ¹²)
207 2152 306 2183 Rom.
331 2151 421 2192 VIII,
444 2152 497 2186 28.

128 2205 186 2247 ’3)
209 2207 344 2240 Desunt
368 2209 484 2241 verba:
510 2209 563 2248 „in
596 2212 769 2249 bonum,“
801 2210 835 2243 in
861 2209 956 2243 editis
981 2209 1029 2254 (v.
1059 2222 1085 2240 c.
1111 2209 1186 2241 edd.

59 2251 134 2296 M),
159 2261 189 2285 et
214 2252 247 2285 in
275 2253 477 2296 quibusdam
502 2255 601 2294 Mss.,
632 2269 695 2288 nec
720 2269 792 2289 non
817 2257 907 2300 apud
932 2255 1120 2288 Rabanum.
1145 2253 1186 2286 R.
