1377 2454
304 81 657 115 COMMENTARJORUM
680 78 754 112 Lm.
774 78 852 112 VII.
1100 77 1145 112 93

19 183 162 209 mortem
174 167 285 206 autem
302 170 418 211 crucis,
433 170 687 214 superexaltavit
702 168 806 207 Deus,
819 178 849 201 et
869 167 1005 201 donavit
1022 168 1072 202 illi
1087 182 1153 201 no-

19 249 106 275 men,
124 235 217 278 quod
237 243 284 267 est
300 246 402 277 super
416 244 517 264 omne
533 244 660 264 nomen
673 234 703 263 :“
717 231 760 263 ita
784 239 814 262 et
831 229 863 273 Ι)
894 244 961 270 eos,
977 231 1034 275 qui
1052 231 1153 263 Chri-

18 307 68 332 sto
94 296 358 340 compatiuntur,
384 303 415 326 et
437 292 631 338 passionum
658 290 728 336 ejus
745 292 920 324 imitantur
948 293 1152 336 exemplum,

19 359 112 391 Deus
139 371 214 390 cum
247 357 306 389 illo
339 356 456 388 exaltat
486 354 520 386 in
553 354 669 394 gloria.
718 352 811 385 Haec
845 367 994 398 namque
1018 354 1068 386 via
1096 363 1152 393 cst,

19 433 122 465 quam
148 417 392 452 cohaeredibus
410 416 474 449 suis
488 414 638 447 Christus
660 414 801 459 aperuit,
824 424 860 446 ut
884 428 995 458 neque
1019 428 1055 447 ex
1080 417 1154 448 for-

18 481 175 519 titudine,
197 491 307 524 neque
332 492 369 511 ex
391 476 565 521 sapientia,
589 477 647 509 sed
672 489 709 508 ex
733 476 922 508 humilitate
957 478 1153 517 exaltentur,

20 552 52 575 et
75 555 113 574 ex
136 531 395 574 tribulationum
426 537 584 583 patientia
609 547 764 571 aeternae
788 538 1003 572 haereditatis
1028 551 1150 571 conse-

20 612 168 648 quantur
196 601 348 642 gloriam.

107 663 137 696 4.
161 661 392 705 ‚,Existimo²)
416 661 516 701 enim,
542 660 703 706 quoniam
719 674 791 694 non
813 661 936 706 sunt3)
963 662 1153 703 condignae

16 723 186 770 passiones
216 722 315 767 hujus
355 724 517 767 temporis
551 722 641 767 ad4)
673 725 821 756 futuram
861 724 1027 764 gloriam,
1065 736 1153 768 quae

16 784 220 819 revelabitur
250 785 285 817 in
316 784 426 818 nobis.
479 787 566 819 Nam
601 785 801 828 exspectatio
828 794 1002 818 creaturae
1026 787 1154 818 revela-

17 848 146 881 tionem
179 845 330 879 filiorum
364 845 432 878 Dei
464 855 640 890 exspectat.
694 846 841 880 Vanitati
875 847 964 879 enim
1001 856 1153 879 creatura

15 907 165 954 subjecta
191 917 257 947 est,
290 921 362 940 non
386 908 519 947 volens,
553 910 612 941 sed
636 918 778 953 propter
803 921 898 948 eum,
928 908 987 952 qui
1010 907 1154 953 subjecit

17 983 91 1003 cam
114 970 150 1002 in
173 982 242 1014 spe,
266 968 477 1013 quoniam5)
498 979 529 1002 et
552 969 625 1013 ipsa
650 980 803 1003 creatura
829 970 1064 1004 liberabitura
1084 982 1154 1002 ser-

17 1031 121 1064 vitute
156 1031 385 1074 corruptionis
422 1030 457 1063 in
493 1031 683 1064 libertatem
720 1032 847 1072 gloriae
883 1032 1032 1065 filiorum
1077 1032 1154 1064 Dei.

19 1093 152 1126 Scimus
178 1092 284 1131 enim,
323 1090 487 1135 quoniam
499 1091 536 1135 6)
573 1092 683 1125 omnis
705 1102 856 1126 creatura
882 1093 1098 1134 congemiscit
1123 1103 1155 1126 et

20 1154 183 1187 condolet
205 1166 311 1197 usque
335 1153 476 1185 adhuc.“
524 1152 560 1185 Si
594 1152 666 1196 quis
690 1153 880 1194 intueatur,
915 1157 1008 1198 quod
1023 1154 1057 1199 7)
1087 1169 1152 1200 pro

19 1229 72 1255 eo,
98 1216 192 1259 quod
217 1215 290 1258 quis
314 1214 458 1247 efficitur
481 1213 568 1247 filius
594 1214 712 1247 excelsi
737 1213 821 1253 Dei,
856 1224 885 1247 et
910 1217 1027 1249 haeres
1052 1217 1156 1250 boni-

18 1277 92 1310 tatis
106 1276 142 1320 ⁸)
169 1275 238 1321 ejus
263 1284 295 1308 et
319 1276 462 1316 gloriae,
499 1274 691 1319 Christique
714 1276 878 1316 unigeniti
901 1276 980 1311 Filii
1002 1278 1069 1310 Dei
1095 1291 1155 1310 co-

17 1339 151 1376 haeres,
184 1337 284 1369 etiam
316 1336 342 1368 si
373 1335 409 1368 in
439 1336 593 1368 omnium
618 1337 860 1370 mandatorum
887 1339 1097 1373 observantia
1123 1349 1155 1373 et

16 1397 308 1445 justificationibus
333 1397 476 1430 Domini
507 1397 579 1430 sine
603 1399 741 1442 querela
763 1409 981 1442 permaneat,
1020 1410 1050 1433 et
1074 1414 1154 1445 per-

18 1459 106 1502 vigili
136 1459 172 1492 in
203 1458 252 1491 his
284 1468 398 1491 mente
420 1462 603 1503 perduret:
634 1459 661 1493 si
693 1459 809 1492 omnia
834 1460 935 1494 etiam
959 1475 1152 1506 poenarum

18 1533 156 1564 genera,
187 1533 274 1564 quae
303 1520 422 1553 inferri
453 1521 624 1555 humanae
655 1521 855 1555 intrinsecus
868 1521 904 1566 ⁹)
935 1532 1077 1557 naturae
1101 1525 1153 1558 vel

112 1655 146 1699 ¹)
170 1654 275 1687 Deest
296 1657 369 1694 „et“
392 1654 427 1687 in
453 1655 528 1688 edd.
553 1654 601 1688 M.
696 1656 732 1700 ²)
756 1655 856 1690 Rom.
882 1656 973 1697 VIII,
998 1658 1151 1693 18—22.

109 1710 146 1753 ³)
170 1709 257 1743 Edd.
280 1710 328 1742 M.
355 1719 547 1743 constanter
570 1710 689 1751 „sint.“

111 1766 148 1810 ⁴)
173 1766 236 1799 Ed.
260 1766 368 1799 Ruaei
392 1767 464 1799 sola
489 1767 521 1798 h.
545 1767 565 1800 l.
590 1767 624 1799 in
650 1776 756 1800 textu:
784 1770 848 1807 „ad
872 1780 1152 1813 superventuram

20 1811 192 1852 gloriam,“
216 1813 334 1844 eadem
357 1821 472 1844 tamen
495 1811 531 1844 iu
556 1813 665 1845 notis:
690 1814 791 1853 „alias
818 1814 864 1858 (v.
888 1828 914 1849 e.
929 1816 963 1848 in
980 1817 1054 1849 edd.
1069 1816 1150 1856 M.):

21 1853 258 1900 adfuturam
279 1856 472 1901 gloriam.“

112 1910 147 1956 ⁵)
171 1911 257 1945 Edd.
283 1913 438 1946 Merlini:
465 1913 554 1957 quia.

107 1968 149 2018 ‚⁶)
172 1967 263 2001 Editi
297 1969 344 2019 (vs
381 1982 407 2001 c.
438 1970 514 2001 edd.
539 1969 627 2013 M),
659 1979 690 2002 et
728 1970 806 2004 Mss.
845 1972 1000 2015 quidam:
1035 1975 1152 2017 „quod
1184 2000 1186 2002 .

21 2025 132 2046 omnis
154 2023 305 2064 ereatura
330 2013 519 2054 mgemiscit
543 2024 573 2047 et
598 2016 722 2054 dolet,“
746 2015 801 2048 alii
824 2016 957 2062 (itemq.
983 2018 1058 2050 edd.
1082 2019 1150 2062 M.)

18 2062 202 2101 ‚,partur1t“
224 2070 289 2102 pro
313 2060 458 2098 „dolet.“
482 2059 522 2092 R.

97 2112 147 2165 J)
172 2113 263 2146 Alias
298 2114 345 2158 (v.
371 2128 397 2147 c.
415 2114 450 2147 in
475 2117 552 2149 edd.
572 2115 658 2160 Μ.);
690 2118 805 2161 „quod
837 2130 903 2162 pro
929 2132 990 2158 eo,
1016 2128 1052 2151 ut
1076 2119 1150 2163 quis

19 2158 201 2191 effic1atur“
227 2167 286 2191 etc.
314 2159 352 2193 R.

110 2212 148 2257 8)
172 2213 264 2247 Editi
288 2215 335 2259 (v.
360 2229 388 2248 c.
414 2218 489 2250 edd.
515 2217 598 2261 M.):
623 2219 801 2259 „bonitatis
827 2218 896 2264 ejus
929 2219 1085 2259 gloriae.“
1110 2219 1149 2253 R.

111 2269 148 2313 ⁹)
172 2270 275 2305 Deest
297 2270 332 2304 in
357 2272 452 2307 editis
476 2272 523 2316 (v.
550 2286 576 2308 c.
601 2275 676 2308 edd.
702 2273 789 2318 Μ.);
812 2273 1062 2316 „intrinsecus.“
1086 2274 1125 2308 R.
