<?xml version="1.0" encoding="UTF-8"?>
<!DOCTYPE html PUBLIC "-//W3C//DTD XHTML 1.0 Transitional//EN"
    "http://www.w3.org/TR/xhtml1/DTD/xhtml1-transitional.dtd">
<html xmlns="http://www.w3.org/1999/xhtml" xml:lang="en" lang="en">
 <head>
  <title>
</title>
<meta http-equiv="Content-Type" content="text/html;charset=utf-8" />
  <meta name='ocr-system' content='tesseract 3.04.00' />
  <meta name='ocr-capabilities' content='ocr_page ocr_carea ocr_par ocr_line ocrx_word'/>
</head>
<body>
  <div class='ocr_page' id='page_1' title='image "./operaomniaquaegr07orig/operaomniaquaegr07orig_0454.png"; bbox 0 0 1320 2444; ppageno 0'>
   <div class='ocr_carea' id='block_1_1' title="bbox 117 40 997 80">
    <p class='ocr_par' dir='ltr' id='par_1_1' title="bbox 117 40 997 80">
     <span class='ocr_line' id='line_1_1' title="bbox 117 40 997 80; baseline 0.002 -5"><span class='ocrx_word' id='word_1_1' title='bbox 117 41 189 80; x_wconf 83' lang='grc'>436</span> <span class='ocrx_word' id='word_1_2' title='bbox 391 40 570 78; x_wconf 75' lang='lat' dir='ltr'><strong>OmGEms</strong></span> <span class='ocrx_word' id='word_1_3' title='bbox 594 51 631 77; x_wconf 80' lang='lat' dir='ltr'><strong>m</strong></span> <span class='ocrx_word' id='word_1_4' title='bbox 654 43 717 77; x_wconf 78' lang='lat' dir='ltr'>Ep.</span> <span class='ocrx_word' id='word_1_5' title='bbox 742 51 790 77; x_wconf 74' lang='lat' dir='ltr'>An</span> <span class='ocrx_word' id='word_1_6' title='bbox 817 42 997 78; x_wconf 70' lang='lat' dir='ltr'>Romnos</span> 
     </span>
    </p>
   </div>
   <div class='ocr_carea' id='block_1_2' title="bbox 118 132 1274 1536">
    <p class='ocr_par' dir='ltr' id='par_1_2' title="bbox 118 132 1268 427">
     <span class='ocr_line' id='line_1_2' title="bbox 122 132 1266 179; baseline 0.001 -11"><span class='ocrx_word' id='word_1_7' title='bbox 122 135 163 170; x_wconf 61' lang='lat' dir='ltr'>lis</span> <span class='ocrx_word' id='word_1_8' title='bbox 187 134 223 167; x_wconf 91' lang='lat' dir='ltr'>in</span> <span class='ocrx_word' id='word_1_9' title='bbox 247 134 432 179; x_wconf 85' lang='lat' dir='ltr'>Apostolis,</span> <span class='ocrx_word' id='word_1_10' title='bbox 455 133 490 167; x_wconf 89' lang='lat' dir='ltr'>in</span> <span class='ocrx_word' id='word_1_11' title='bbox 515 134 577 173; x_wconf 76' lang='lat' dir='ltr'>his,</span> <span class='ocrx_word' id='word_1_12' title='bbox 601 134 660 178; x_wconf 89' lang='lat' dir='ltr'>qui</span> <span class='ocrx_word' id='word_1_13' title='bbox 685 142 761 166; x_wconf 83' lang='lat' dir='ltr'>ante</span> <span class='ocrx_word' id='word_1_14' title='bbox 774 132 920 167; x_wconf 89' lang='lat' dir='ltr'>Paulum</span> <span class='ocrx_word' id='word_1_15' title='bbox 941 135 1081 168; x_wconf 82' lang='lat' dir='ltr'>fuerunt</span> <span class='ocrx_word' id='word_1_16' title='bbox 1104 133 1140 168; x_wconf 87' lang='lat' dir='ltr'>in</span> <span class='ocrx_word' id='word_1_17' title='bbox 1166 133 1266 169; x_wconf 80' lang='lat' dir='ltr'>Chri-</span> 
     </span>
     <span class='ocr_line' id='line_1_3' title="bbox 121 195 1268 238; baseline -0.001 -7"><span class='ocrx_word' id='word_1_18' title='bbox 121 206 186 238; x_wconf 88' lang='lat' dir='ltr'>sto,</span> <span class='ocrx_word' id='word_1_19' title='bbox 209 195 418 230; x_wconf 77' lang='lat' dir='ltr'>nominatur.</span> <span class='ocrx_word' id='word_1_20' title='bbox 477 195 582 229; x_wconf 82' lang='lat' dir='ltr'>Unde</span> <span class='ocrx_word' id='word_1_21' title='bbox 612 195 871 237; x_wconf 82' lang='lat' dir='ltr'>intelligendum</span> <span class='ocrx_word' id='word_1_22' title='bbox 903 205 969 236; x_wconf 85' lang='lat' dir='ltr'>est,</span> <span class='ocrx_word' id='word_1_23' title='bbox 1005 196 1106 229; x_wconf 83' lang='lat' dir='ltr'>etiam</span> <span class='ocrx_word' id='word_1_24' title='bbox 1138 196 1174 230; x_wconf 91' lang='lat' dir='ltr'>in</span> <span class='ocrx_word' id='word_1_25' title='bbox 1206 197 1268 237; x_wconf 81' lang='lat' dir='ltr'>his,</span> 
     </span>
     <span class='ocr_line' id='line_1_4' title="bbox 124 257 1268 303; baseline -0.001 -11"><span class='ocrx_word' id='word_1_26' title='bbox 124 272 212 303; x_wconf 86' lang='lat' dir='ltr'>quos</span> <span class='ocrx_word' id='word_1_27' title='bbox 245 267 408 301; x_wconf 78' lang='lat' dir='ltr'>cognatos</span> <span class='ocrx_word' id='word_1_28' title='bbox 441 271 521 291; x_wconf 86' lang='lat' dir='ltr'>suos</span> <span class='ocrx_word' id='word_1_29' title='bbox 552 257 678 290; x_wconf 82' lang='lat' dir='ltr'>Paulus</span> <span class='ocrx_word' id='word_1_30' title='bbox 708 257 876 301; x_wconf 85' lang='lat' dir='ltr'>appellat,</span> <span class='ocrx_word' id='word_1_31' title='bbox 908 269 978 292; x_wconf 86' lang='lat' dir='ltr'>esse</span> <span class='ocrx_word' id='word_1_32' title='bbox 1000 258 1143 291; x_wconf 86' lang='lat' dir='ltr'>multam</span> <span class='ocrx_word' id='word_1_33' title='bbox 1167 258 1268 291; x_wconf 82' lang='lat' dir='ltr'>disfe-</span> 
     </span>
     <span class='ocr_line' id='line_1_5' title="bbox 124 318 1268 364; baseline -0.002 -10"><span class='ocrx_word' id='word_1_34' title='bbox 124 321 283 360; x_wconf 80' lang='lat' dir='ltr'>rentiam,</span> <span class='ocrx_word' id='word_1_35' title='bbox 304 320 492 353; x_wconf 86' lang='lat' dir='ltr'>secundum</span> <span class='ocrx_word' id='word_1_36' title='bbox 518 319 624 359; x_wconf 85' lang='lat' dir='ltr'>illam,</span> <span class='ocrx_word' id='word_1_37' title='bbox 647 328 685 351; x_wconf 86' lang='lat' dir='ltr'>ut</span> <span class='ocrx_word' id='word_1_38' title='bbox 707 330 768 360; x_wconf 81' lang='lat' dir='ltr'>ego</span> <span class='ocrx_word' id='word_1_39' title='bbox 787 318 946 360; x_wconf 81' lang='lat' dir='ltr'>arbitror,</span> <span class='ocrx_word' id='word_1_40' title='bbox 962 319 1142 360; x_wconf 80' lang='lat' dir='ltr'>rationem,</span> <span class='ocrx_word' id='word_1_41' title='bbox 1165 332 1268 364; x_wconf 88' lang='lat' dir='ltr'>quam</span> 
     </span>
     <span class='ocr_line' id='line_1_6' title="bbox 118 379 668 427; baseline -0.004 -12"><span class='ocrx_word' id='word_1_42' title='bbox 118 382 279 427; x_wconf 21' lang='lat' dir='ltr'>*superius</span> <span class='ocrx_word' id='word_1_43' title='bbox 303 381 436 426; x_wconf 85' lang='lat' dir='ltr'>aperire</span> <span class='ocrx_word' id='word_1_44' title='bbox 458 379 668 414; x_wconf 77' lang='lat' dir='ltr'><strong>tentavimus.</strong></span> 
     </span>
    </p>

    <p class='ocr_par' dir='ltr' id='par_1_3' title="bbox 118 441 1271 727">
     <span class='ocr_line' id='line_1_7' title="bbox 217 441 1269 488; baseline 0 -11"><span class='ocrx_word' id='word_1_45' title='bbox 217 444 271 478; x_wconf 86' lang='lat'>27.</span> <span class='ocrx_word' id='word_1_46' title='bbox 295 443 468 484; x_wconf 85' lang='lat' dir='ltr'>„Salutate</span> <span class='ocrx_word' id='word_1_47' title='bbox 483 441 516 486; x_wconf 84' lang='lat'>¹)</span> <span class='ocrx_word' id='word_1_48' title='bbox 543 455 611 480; x_wconf 79' lang='lat' dir='ltr'>e05,</span> <span class='ocrx_word' id='word_1_49' title='bbox 637 441 695 486; x_wconf 85' lang='lat' dir='ltr'>qui</span> <span class='ocrx_word' id='word_1_50' title='bbox 715 452 795 476; x_wconf 85' lang='lat' dir='ltr'>sunt</span> <span class='ocrx_word' id='word_1_51' title='bbox 821 456 858 476; x_wconf 82' lang='lat' dir='ltr'>ex</span> <span class='ocrx_word' id='word_1_52' title='bbox 881 442 1029 476; x_wconf 77' lang='lat' dir='ltr'>Narcissi</span> <span class='ocrx_word' id='word_1_53' title='bbox 1053 443 1180 483; x_wconf 89' lang='lat' dir='ltr'>domo,</span> <span class='ocrx_word' id='word_1_54' title='bbox 1211 443 1269 488; x_wconf 88' lang='lat' dir='ltr'>qui</span> 
     </span>
     <span class='ocr_line' id='line_1_8' title="bbox 118 503 1269 549; baseline -0.001 -10"><span class='ocrx_word' id='word_1_55' title='bbox 118 514 203 540; x_wconf 80' lang='lat' dir='ltr'>-sunt</span> <span class='ocrx_word' id='word_1_56' title='bbox 236 505 273 538; x_wconf 89' lang='lat' dir='ltr'>in</span> <span class='ocrx_word' id='word_1_57' title='bbox 313 503 505 539; x_wconf 78' lang='lat' dir='ltr'>Domino.“</span> <span class='ocrx_word' id='word_1_58' title='bbox 563 503 732 537; x_wconf 80' lang='lat' dir='ltr'>Videntur</span> <span class='ocrx_word' id='word_1_59' title='bbox 772 503 910 549; x_wconf 84' lang='lat' dir='ltr'>quidem</span> <span class='ocrx_word' id='word_1_60' title='bbox 944 505 1059 549; x_wconf 84' lang='lat' dir='ltr'>plures</span> <span class='ocrx_word' id='word_1_61' title='bbox 1093 505 1194 539; x_wconf 82' lang='lat' dir='ltr'>fuisse</span> <span class='ocrx_word' id='word_1_62' title='bbox 1232 517 1269 538; x_wconf 86' lang='lat' dir='ltr'>ex</span> 
     </span>
     <span class='ocr_line' id='line_1_9' title="bbox 127 564 1267 608; baseline -0.002 -7"><span class='ocrx_word' id='word_1_63' title='bbox 127 568 248 608; x_wconf 87' lang='lat' dir='ltr'>domo,</span> <span class='ocrx_word' id='word_1_64' title='bbox 271 567 324 599; x_wconf 83' lang='lat' dir='ltr'>vel</span> <span class='ocrx_word' id='word_1_65' title='bbox 348 564 477 598; x_wconf 84' lang='lat' dir='ltr'>familia</span> <span class='ocrx_word' id='word_1_66' title='bbox 502 565 665 604; x_wconf 73' lang='lat' dir='ltr'>Narcissi,</span> <span class='ocrx_word' id='word_1_67' title='bbox 697 565 755 599; x_wconf 86' lang='lat' dir='ltr'>sed</span> <span class='ocrx_word' id='word_1_68' title='bbox 786 579 859 599; x_wconf 90' lang='lat' dir='ltr'>non</span> <span class='ocrx_word' id='word_1_69' title='bbox 898 578 1017 600; x_wconf 85' lang='lat' dir='ltr'>omnes</span> <span class='ocrx_word' id='word_1_70' title='bbox 1051 565 1087 599; x_wconf 89' lang='lat' dir='ltr'>in</span> <span class='ocrx_word' id='word_1_71' title='bbox 1111 565 1267 599; x_wconf 87' lang='lat' dir='ltr'>Domino</span> 
     </span>
     <span class='ocr_line' id='line_1_10' title="bbox 125 626 1271 673; baseline -0.001 -11"><span class='ocrx_word' id='word_1_72' title='bbox 125 629 247 662; x_wconf 82' lang='lat' dir='ltr'>fuisse:</span> <span class='ocrx_word' id='word_1_73' title='bbox 277 637 309 661; x_wconf 85' lang='lat' dir='ltr'>et</span> <span class='ocrx_word' id='word_1_74' title='bbox 340 627 418 661; x_wconf 87' lang='lat' dir='ltr'>ideo</span> <span class='ocrx_word' id='word_1_75' title='bbox 451 626 583 661; x_wconf 83' lang='lat' dir='ltr'>addidit</span> <span class='ocrx_word' id='word_1_76' title='bbox 614 640 670 660; x_wconf 88' lang='lat' dir='ltr'>eos</span> <span class='ocrx_word' id='word_1_77' title='bbox 705 627 903 661; x_wconf 83' lang='lat' dir='ltr'>salutandos</span> <span class='ocrx_word' id='word_1_78' title='bbox 927 627 1066 672; x_wconf 84' lang='lat' dir='ltr'>esse,²)</span> <span class='ocrx_word' id='word_1_79' title='bbox 1090 627 1148 673; x_wconf 87' lang='lat' dir='ltr'>qui</span> <span class='ocrx_word' id='word_1_80' title='bbox 1172 636 1271 669; x_wconf 88' lang='lat' dir='ltr'>„sunt</span> 
     </span>
     <span class='ocr_line' id='line_1_11' title="bbox 125 690 1255 727; baseline -0.003 -2"><span class='ocrx_word' id='word_1_81' title='bbox 125 690 162 725; x_wconf 82' lang='lat' dir='ltr'>in</span> <span class='ocrx_word' id='word_1_82' title='bbox 185 690 377 724; x_wconf 83' lang='lat' dir='ltr'>Domin0.‘⁸</span> <span class='ocrx_word' id='word_1_83' title='bbox 1246 719 1255 727; x_wconf 32' lang='lat'>⁴,</span> 
     </span>
    </p>

    <p class='ocr_par' dir='ltr' id='par_1_4' title="bbox 123 750 1272 1041">
     <span class='ocr_line' id='line_1_12' title="bbox 218 750 1270 799; baseline -0.002 -13"><span class='ocrx_word' id='word_1_84' title='bbox 218 752 272 787; x_wconf 86' lang='lat'>28.</span> <span class='ocrx_word' id='word_1_85' title='bbox 296 750 518 795; x_wconf 81' lang='lat' dir='ltr'>‚,Salutate³&gt;</span> <span class='ocrx_word' id='word_1_86' title='bbox 543 750 785 797; x_wconf 73' lang='lat' dir='ltr'><strong>Tryphaenam</strong></span> <span class='ocrx_word' id='word_1_87' title='bbox 812 761 844 784; x_wconf 87' lang='lat' dir='ltr'>et</span> <span class='ocrx_word' id='word_1_88' title='bbox 867 751 1096 799; x_wconf 73' lang='lat' dir='ltr'>Tryphosam,</span> <span class='ocrx_word' id='word_1_89' title='bbox 1122 752 1270 796; x_wconf 82' lang='lat' dir='ltr'>quaela-</span> 
     </span>
     <span class='ocr_line' id='line_1_13' title="bbox 123 812 1272 854; baseline -0.003 -5"><span class='ocrx_word' id='word_1_90' title='bbox 123 815 254 850; x_wconf 77' lang='lat' dir='ltr'>borant</span> <span class='ocrx_word' id='word_1_91' title='bbox 284 813 321 847; x_wconf 90' lang='lat' dir='ltr'>in</span> <span class='ocrx_word' id='word_1_92' title='bbox 351 812 542 846; x_wconf 86' lang='lat' dir='ltr'>Domino.“</span> <span class='ocrx_word' id='word_1_93' title='bbox 602 812 743 846; x_wconf 84' lang='lat' dir='ltr'>Bonum</span> <span class='ocrx_word' id='word_1_94' title='bbox 780 814 823 846; x_wconf 80' lang='lat' dir='ltr'>de</span> <span class='ocrx_word' id='word_1_95' title='bbox 858 814 908 847; x_wconf 82' lang='lat' dir='ltr'>his</span> <span class='ocrx_word' id='word_1_96' title='bbox 941 815 999 847; x_wconf 82' lang='lat' dir='ltr'>dat</span> <span class='ocrx_word' id='word_1_97' title='bbox 1028 814 1272 854; x_wconf 79' lang='lat' dir='ltr'>testimonium,</span> 
     </span>
     <span class='ocr_line' id='line_1_14' title="bbox 127 873 1271 921; baseline -0.002 -12"><span class='ocrx_word' id='word_1_98' title='bbox 127 889 273 921; x_wconf 86' lang='lat' dir='ltr'>quarum</span> <span class='ocrx_word' id='word_1_99' title='bbox 297 875 454 908; x_wconf 87' lang='lat' dir='ltr'>laborem</span> <span class='ocrx_word' id='word_1_100' title='bbox 485 887 558 907; x_wconf 89' lang='lat' dir='ltr'>non</span> <span class='ocrx_word' id='word_1_101' title='bbox 590 873 690 919; x_wconf 83' lang='lat' dir='ltr'><strong>hujus</strong></span> <span class='ocrx_word' id='word_1_102' title='bbox 715 873 902 918; x_wconf 75' lang='lat' dir='ltr'>mundi,⁴)</span> <span class='ocrx_word' id='word_1_103' title='bbox 933 887 1046 919; x_wconf 82' lang='lat' dir='ltr'>neque</span> <span class='ocrx_word' id='word_1_104' title='bbox 1078 875 1271 908; x_wconf 88' lang='lat' dir='ltr'>communis</span> 
     </span>
     <span class='ocr_line' id='line_1_15' title="bbox 127 935 1272 978; baseline -0.002 -7"><span class='ocrx_word' id='word_1_105' title='bbox 127 939 224 978; x_wconf 80' lang='lat' dir='ltr'>vitae,</span> <span class='ocrx_word' id='word_1_106' title='bbox 247 938 308 971; x_wconf 81' lang='lat' dir='ltr'>sed</span> <span class='ocrx_word' id='word_1_107' title='bbox 329 936 366 970; x_wconf 90' lang='lat' dir='ltr'>in</span> <span class='ocrx_word' id='word_1_108' title='bbox 392 935 550 969; x_wconf 88' lang='lat' dir='ltr'>Domino</span> <span class='ocrx_word' id='word_1_109' title='bbox 576 947 645 968; x_wconf 80' lang='lat' dir='ltr'><strong>esse</strong></span> <span class='ocrx_word' id='word_1_110' title='bbox 668 944 815 969; x_wconf 86' lang='lat' dir='ltr'>testatur.</span> <span class='ocrx_word' id='word_1_111' title='bbox 861 935 964 968; x_wconf 81' lang='lat' dir='ltr'>Multi</span> <span class='ocrx_word' id='word_1_112' title='bbox 987 935 1078 969; x_wconf 82' lang='lat' dir='ltr'>enim</span> <span class='ocrx_word' id='word_1_113' title='bbox 1101 936 1272 977; x_wconf 79' lang='lat' dir='ltr'>laborant,</span> 
     </span>
     <span class='ocr_line' id='line_1_16' title="bbox 127 997 1196 1041; baseline -0.002 -8"><span class='ocrx_word' id='word_1_114' title='bbox 127 1000 188 1034; x_wconf 82' lang='lat' dir='ltr'>sed</span> <span class='ocrx_word' id='word_1_115' title='bbox 211 1012 285 1032; x_wconf 90' lang='lat' dir='ltr'>non</span> <span class='ocrx_word' id='word_1_116' title='bbox 311 998 468 1031; x_wconf 85' lang='lat' dir='ltr'>omnium</span> <span class='ocrx_word' id='word_1_117' title='bbox 492 998 647 1031; x_wconf 83' lang='lat' dir='ltr'>laborem</span> <span class='ocrx_word' id='word_1_118' title='bbox 673 997 850 1041; x_wconf 80' lang='lat' dir='ltr'>constat⁵)</span> <span class='ocrx_word' id='word_1_119' title='bbox 876 1010 945 1031; x_wconf 82' lang='lat' dir='ltr'><strong>esse</strong></span> <span class='ocrx_word' id='word_1_120' title='bbox 967 997 1003 1030; x_wconf 89' lang='lat' dir='ltr'>in</span> <span class='ocrx_word' id='word_1_121' title='bbox 1027 998 1196 1031; x_wconf 89' lang='lat' dir='ltr'>Domino.</span> 
     </span>
    </p>

    <p class='ocr_par' dir='ltr' id='par_1_5' title="bbox 128 1058 1274 1352">
     <span class='ocr_line' id='line_1_17' title="bbox 219 1058 1273 1104; baseline -0.001 -10"><span class='ocrx_word' id='word_1_122' title='bbox 219 1061 275 1096; x_wconf 89' lang='lat'>29.</span> <span class='ocrx_word' id='word_1_123' title='bbox 300 1059 522 1104; x_wconf 78' lang='lat' dir='ltr'>„Salutate⁶)</span> <span class='ocrx_word' id='word_1_124' title='bbox 553 1058 728 1093; x_wconf 77' lang='lat' dir='ltr'>persidam</span> <span class='ocrx_word' id='word_1_125' title='bbox 755 1059 979 1098; x_wconf 78' lang='lat' dir='ltr'>carissimam,</span> <span class='ocrx_word' id='word_1_126' title='bbox 1015 1072 1102 1103; x_wconf 78' lang='lat' dir='ltr'>quae</span> <span class='ocrx_word' id='word_1_127' title='bbox 1125 1060 1273 1093; x_wconf 78' lang='lat' dir='ltr'>multum</span> 
     </span>
     <span class='ocr_line' id='line_1_18' title="bbox 128 1120 1272 1166; baseline -0.003 -9"><span class='ocrx_word' id='word_1_128' title='bbox 128 1122 297 1157; x_wconf 84' lang='lat' dir='ltr'>laboravit</span> <span class='ocrx_word' id='word_1_129' title='bbox 319 1121 354 1155; x_wconf 92' lang='lat' dir='ltr'>in</span> <span class='ocrx_word' id='word_1_130' title='bbox 374 1120 561 1155; x_wconf 78' lang='lat' dir='ltr'>Domin0.“</span> <span class='ocrx_word' id='word_1_131' title='bbox 599 1121 743 1154; x_wconf 70' lang='lat' dir='ltr'>Videtur</span> <span class='ocrx_word' id='word_1_132' title='bbox 765 1121 849 1154; x_wconf 86' lang='lat' dir='ltr'>haec</span> <span class='ocrx_word' id='word_1_133' title='bbox 872 1120 977 1162; x_wconf 84' lang='lat' dir='ltr'>magis</span> <span class='ocrx_word' id='word_1_134' title='bbox 1001 1121 1145 1162; x_wconf 85' lang='lat' dir='ltr'>laudari,</span> <span class='ocrx_word' id='word_1_135' title='bbox 1168 1135 1272 1166; x_wconf 87' lang='lat' dir='ltr'>quam</span> 
     </span>
     <span class='ocr_line' id='line_1_19' title="bbox 130 1182 1274 1231; baseline 0 -14"><span class='ocrx_word' id='word_1_136' title='bbox 130 1184 338 1231; x_wconf 78' lang='lat' dir='ltr'>Tryphaena</span> <span class='ocrx_word' id='word_1_137' title='bbox 365 1192 397 1216; x_wconf 77' lang='lat' dir='ltr'>et</span> <span class='ocrx_word' id='word_1_138' title='bbox 420 1182 617 1229; x_wconf 73' lang='lat' dir='ltr'>Tryphosa:</span> <span class='ocrx_word' id='word_1_139' title='bbox 654 1183 817 1228; x_wconf 85' lang='lat' dir='ltr'>quoniam</span> <span class='ocrx_word' id='word_1_140' title='bbox 844 1182 983 1227; x_wconf 82' lang='lat' dir='ltr'>quidem</span> <span class='ocrx_word' id='word_1_141' title='bbox 1006 1182 1079 1216; x_wconf 80' lang='lat' dir='ltr'>illas</span> <span class='ocrx_word' id='word_1_142' title='bbox 1103 1184 1274 1217; x_wconf 83' lang='lat' dir='ltr'>laborasse</span> 
     </span>
     <span class='ocr_line' id='line_1_20' title="bbox 129 1244 1274 1286; baseline -0.002 -6"><span class='ocrx_word' id='word_1_143' title='bbox 129 1246 212 1280; x_wconf 73' lang='lat' dir='ltr'>dicit</span> <span class='ocrx_word' id='word_1_144' title='bbox 234 1246 270 1279; x_wconf 82' lang='lat' dir='ltr'>in</span> <span class='ocrx_word' id='word_1_145' title='bbox 293 1244 472 1286; x_wconf 87' lang='lat' dir='ltr'>Domino,</span> <span class='ocrx_word' id='word_1_146' title='bbox 510 1245 598 1278; x_wconf 85' lang='lat' dir='ltr'>hanc</span> <span class='ocrx_word' id='word_1_147' title='bbox 635 1253 747 1278; x_wconf 75' lang='lat' dir='ltr'>autem</span> <span class='ocrx_word' id='word_1_148' title='bbox 768 1245 941 1279; x_wconf 84' lang='lat' dir='ltr'>laborasse</span> <span class='ocrx_word' id='word_1_149' title='bbox 969 1245 1115 1278; x_wconf 88' lang='lat' dir='ltr'><strong>multum</strong></span> <span class='ocrx_word' id='word_1_150' title='bbox 1138 1244 1174 1278; x_wconf 91' lang='lat' dir='ltr'>in</span> <span class='ocrx_word' id='word_1_151' title='bbox 1197 1245 1274 1279; x_wconf 93' lang='lat' dir='ltr'>Do-</span> 
     </span>
     <span class='ocr_line' id='line_1_21' title="bbox 129 1306 864 1352; baseline -0.003 -12"><span class='ocrx_word' id='word_1_152' title='bbox 129 1308 239 1347; x_wconf 88' lang='lat' dir='ltr'>mino,</span> <span class='ocrx_word' id='word_1_153' title='bbox 264 1306 367 1352; x_wconf 83' lang='lat' dir='ltr'>cui⁷)</span> <span class='ocrx_word' id='word_1_154' title='bbox 393 1316 425 1340; x_wconf 84' lang='lat' dir='ltr'>ct</span> <span class='ocrx_word' id='word_1_155' title='bbox 448 1306 582 1340; x_wconf 82' lang='lat' dir='ltr'>addidit</span> <span class='ocrx_word' id='word_1_156' title='bbox 604 1306 864 1346; x_wconf 79' lang='lat' dir='ltr'>„carissimam.“</span> 
     </span>
    </p>

    <p class='ocr_par' dir='ltr' id='par_1_6' title="bbox 129 1367 1274 1536">
     <span class='ocr_line' id='line_1_22' title="bbox 221 1367 1273 1411; baseline -0.001 -8"><span class='ocrx_word' id='word_1_157' title='bbox 221 1370 275 1404; x_wconf 89' lang='lat'>30.</span> <span class='ocrx_word' id='word_1_158' title='bbox 298 1369 473 1409; x_wconf 78' lang='lat' dir='ltr'>„Salutate</span> <span class='ocrx_word' id='word_1_159' title='bbox 484 1367 521 1411; x_wconf 77' lang='lat'>⁸)</span> <span class='ocrx_word' id='word_1_160' title='bbox 547 1367 688 1407; x_wconf 86' lang='lat' dir='ltr'>Rufum,</span> <span class='ocrx_word' id='word_1_161' title='bbox 717 1368 863 1401; x_wconf 82' lang='lat' dir='ltr'><strong>electum</strong></span> <span class='ocrx_word' id='word_1_162' title='bbox 885 1368 921 1401; x_wconf 90' lang='lat' dir='ltr'>in</span> <span class='ocrx_word' id='word_1_163' title='bbox 946 1367 1121 1408; x_wconf 89' lang='lat' dir='ltr'>Domino,</span> <span class='ocrx_word' id='word_1_164' title='bbox 1146 1377 1178 1401; x_wconf 86' lang='lat' dir='ltr'>et</span> <span class='ocrx_word' id='word_1_165' title='bbox 1200 1381 1273 1402; x_wconf 82' lang='lat' dir='ltr'>ma-</span> 
     </span>
     <span class='ocr_line' id='line_1_23' title="bbox 130 1428 1273 1476; baseline 0 -12"><span class='ocrx_word' id='word_1_166' title='bbox 130 1441 217 1465; x_wconf 86' lang='lat' dir='ltr'>trem</span> <span class='ocrx_word' id='word_1_167' title='bbox 251 1429 321 1476; x_wconf 84' lang='lat' dir='ltr'><strong>ejus</strong></span> <span class='ocrx_word' id='word_1_168' title='bbox 352 1439 384 1463; x_wconf 91' lang='lat' dir='ltr'>et</span> <span class='ocrx_word' id='word_1_169' title='bbox 417 1433 561 1463; x_wconf 81' lang='lat' dir='ltr'>meam.“</span> <span class='ocrx_word' id='word_1_170' title='bbox 616 1429 696 1461; x_wconf 84' lang='lat' dir='ltr'>Non</span> <span class='ocrx_word' id='word_1_171' title='bbox 728 1438 813 1473; x_wconf 88' lang='lat' dir='ltr'>puto</span> <span class='ocrx_word' id='word_1_172' title='bbox 845 1428 882 1462; x_wconf 88' lang='lat' dir='ltr'>in</span> <span class='ocrx_word' id='word_1_173' title='bbox 913 1429 981 1462; x_wconf 85' lang='lat' dir='ltr'>istis</span> <span class='ocrx_word' id='word_1_174' title='bbox 1014 1430 1273 1464; x_wconf 78' lang='lat' dir='ltr'>salutationibus</span> 
     </span>
     <span class='ocr_line' id='line_1_24' title="bbox 129 1490 1274 1536; baseline -0.001 -11"><span class='ocrx_word' id='word_1_175' title='bbox 129 1491 278 1525; x_wconf 84' lang='lat' dir='ltr'>inaniter</span> <span class='ocrx_word' id='word_1_176' title='bbox 301 1491 375 1524; x_wconf 86' lang='lat' dir='ltr'>fieri</span> <span class='ocrx_word' id='word_1_177' title='bbox 398 1504 460 1536; x_wconf 86' lang='lat' dir='ltr'>per</span> <span class='ocrx_word' id='word_1_178' title='bbox 489 1490 639 1532; x_wconf 81' lang='lat' dir='ltr'>singulos</span> <span class='ocrx_word' id='word_1_179' title='bbox 671 1502 826 1534; x_wconf 84' lang='lat' dir='ltr'>quosque</span> <span class='ocrx_word' id='word_1_180' title='bbox 856 1490 967 1524; x_wconf 86' lang='lat' dir='ltr'>laudis</span> <span class='ocrx_word' id='word_1_181' title='bbox 998 1500 1029 1524; x_wconf 88' lang='lat' dir='ltr'>ct</span> <span class='ocrx_word' id='word_1_182' title='bbox 1062 1490 1274 1525; x_wconf 68' lang='lat' dir='ltr'>salutationis</span> 
     </span>
    </p>
   </div>
   <div class='ocr_carea' id='block_1_3' title="bbox 130 1550 1271 1598">
    <p class='ocr_par' dir='ltr' id='par_1_7' title="bbox 130 1550 1271 1598">
     <span class='ocr_line' id='line_1_25' title="bbox 130 1550 1271 1598; baseline -0.002 -11"><span class='ocrx_word' id='word_1_183' title='bbox 130 1553 367 1589; x_wconf 78' lang='lat' dir='ltr'>differentiam.</span> <span class='ocrx_word' id='word_1_184' title='bbox 415 1552 487 1597; x_wconf 84' lang='lat' dir='ltr'>Qui</span> <span class='ocrx_word' id='word_1_185' title='bbox 511 1550 601 1585; x_wconf 84' lang='lat' dir='ltr'>enim</span> <span class='ocrx_word' id='word_1_186' title='bbox 626 1551 698 1592; x_wconf 80' lang='lat' dir='ltr'>scit,</span> <span class='ocrx_word' id='word_1_187' title='bbox 723 1551 804 1596; x_wconf 84' lang='lat' dir='ltr'>quia</span> <span class='ocrx_word' id='word_1_188' title='bbox 829 1550 981 1587; x_wconf 83' lang='lat' dir='ltr'>Christus</span> <span class='ocrx_word' id='word_1_189' title='bbox 1003 1552 1158 1598; x_wconf 85' lang='lat' dir='ltr'>loquitur</span> <span class='ocrx_word' id='word_1_190' title='bbox 1176 1552 1212 1596; x_wconf 79' lang='lat'>⁹)</span> <span class='ocrx_word' id='word_1_191' title='bbox 1236 1553 1271 1586; x_wconf 87' lang='lat' dir='ltr'>in</span> 
     </span>
    </p>
   </div>
   <div class='ocr_carea' id='block_1_4' title="bbox 222 1719 1271 1879">
    <p class='ocr_par' dir='ltr' id='par_1_8' title="bbox 222 1719 1271 1879">
     <span class='ocr_line' id='line_1_26' title="bbox 226 1719 586 1765; baseline -0.006 -11"><span class='ocrx_word' id='word_1_192' title='bbox 226 1722 261 1765; x_wconf 88' lang='lat'>¹)</span> <span class='ocrx_word' id='word_1_193' title='bbox 286 1721 387 1755; x_wconf 85' lang='lat' dir='ltr'>Rom.</span> <span class='ocrx_word' id='word_1_194' title='bbox 411 1719 509 1760; x_wconf 87' lang='lat' dir='ltr'>XVI,</span> <span class='ocrx_word' id='word_1_195' title='bbox 534 1721 586 1757; x_wconf 88' lang='grc'>11.</span> 
     </span>
     <span class='ocr_line' id='line_1_27' title="bbox 223 1776 1144 1822; baseline -0.002 -11"><span class='ocrx_word' id='word_1_196' title='bbox 223 1778 262 1822; x_wconf 85' lang='lat'>²)</span> <span class='ocrx_word' id='word_1_197' title='bbox 284 1777 390 1811; x_wconf 84' lang='lat' dir='ltr'><strong>Deest</strong></span> <span class='ocrx_word' id='word_1_198' title='bbox 412 1780 523 1817; x_wconf 82' lang='lat' dir='ltr'><strong>„esse“</strong></span> <span class='ocrx_word' id='word_1_199' title='bbox 545 1777 582 1809; x_wconf 91' lang='lat' dir='ltr'>in</span> <span class='ocrx_word' id='word_1_200' title='bbox 607 1777 682 1810; x_wconf 86' lang='lat' dir='ltr'>edd.</span> <span class='ocrx_word' id='word_1_201' title='bbox 706 1776 755 1811; x_wconf 87' lang='grc' dir='ltr'>Μ.</span> <span class='ocrx_word' id='word_1_202' title='bbox 781 1796 823 1802; x_wconf 90' lang='lat'>--</span> <span class='ocrx_word' id='word_1_203' title='bbox 849 1776 949 1810; x_wconf 86' lang='lat' dir='ltr'><strong>Rom.</strong></span> <span class='ocrx_word' id='word_1_204' title='bbox 972 1777 1066 1817; x_wconf 84' lang='lat' dir='ltr'>XVI,</span> <span class='ocrx_word' id='word_1_205' title='bbox 1090 1777 1144 1811; x_wconf 83' lang='lat'>11.</span> 
     </span>
     <span class='ocr_line' id='line_1_28' title="bbox 222 1832 1271 1879; baseline 0.001 -13"><span class='ocrx_word' id='word_1_206' title='bbox 222 1833 261 1878; x_wconf 80' lang='lat'>³)</span> <span class='ocrx_word' id='word_1_207' title='bbox 286 1833 386 1867; x_wconf 86' lang='lat' dir='ltr'>Rom.</span> <span class='ocrx_word' id='word_1_208' title='bbox 411 1832 505 1873; x_wconf 86' lang='lat' dir='ltr'>XVI,</span> <span class='ocrx_word' id='word_1_209' title='bbox 529 1832 582 1866; x_wconf 83' lang='lat'>12.</span> <span class='ocrx_word' id='word_1_210' title='bbox 608 1853 651 1859; x_wconf 96' lang='lat'><strong>—</strong></span> <span class='ocrx_word' id='word_1_211' title='bbox 675 1833 740 1866; x_wconf 85' lang='lat' dir='ltr'>Ed.</span> <span class='ocrx_word' id='word_1_212' title='bbox 765 1833 813 1866; x_wconf 90' lang='lat' dir='ltr'>M.</span> <span class='ocrx_word' id='word_1_213' title='bbox 838 1832 870 1866; x_wconf 91' lang='lat' dir='ltr'>I:</span> <span class='ocrx_word' id='word_1_214' title='bbox 896 1833 1132 1879; x_wconf 83' lang='lat' dir='ltr'>Triphaenam</span> <span class='ocrx_word' id='word_1_215' title='bbox 1147 1841 1179 1866; x_wconf 90' lang='lat' dir='ltr'>et</span> <span class='ocrx_word' id='word_1_216' title='bbox 1193 1832 1271 1867; x_wconf 87' lang='lat' dir='ltr'>Tri-</span> 
     </span>
    </p>
   </div>
   <div class='ocr_carea' id='block_1_5' title="bbox 127 1881 283 1926">
    <p class='ocr_par' dir='ltr' id='par_1_9' title="bbox 127 1881 283 1926">
     <span class='ocr_line' id='line_1_29' title="bbox 127 1881 283 1926; baseline -0.006 -13"><span class='ocrx_word' id='word_1_217' title='bbox 127 1881 283 1926; x_wconf 85' lang='lat' dir='ltr'>phosam.</span> 
     </span>
    </p>
   </div>
   <div class='ocr_carea' id='block_1_6' title="bbox 131 1932 1271 2024">
    <p class='ocr_par' dir='ltr' id='par_1_10' title="bbox 131 1932 1271 2024">
     <span class='ocr_line' id='line_1_30' title="bbox 223 1932 1271 1980; baseline -0.001 -12"><span class='ocrx_word' id='word_1_218' title='bbox 223 1935 261 1980; x_wconf 69' lang='grc'>4)</span> <span class='ocrx_word' id='word_1_219' title='bbox 285 1933 465 1968; x_wconf 80' lang='lat' dir='ltr'>Omittitur</span> <span class='ocrx_word' id='word_1_220' title='bbox 498 1934 534 1968; x_wconf 84' lang='lat' dir='ltr'>in</span> <span class='ocrx_word' id='word_1_221' title='bbox 563 1934 658 1968; x_wconf 85' lang='lat' dir='ltr'>libris</span> <span class='ocrx_word' id='word_1_222' title='bbox 690 1942 788 1967; x_wconf 85' lang='lat' dir='ltr'>antea</span> <span class='ocrx_word' id='word_1_223' title='bbox 820 1932 916 1967; x_wconf 77' lang='lat' dir='ltr'>editis</span> <span class='ocrx_word' id='word_1_224' title='bbox 948 1933 995 1978; x_wconf 84' lang='lat' dir='ltr'>(v.</span> <span class='ocrx_word' id='word_1_225' title='bbox 1031 1947 1059 1967; x_wconf 89' lang='lat' dir='ltr'>c.</span> <span class='ocrx_word' id='word_1_226' title='bbox 1085 1934 1161 1968; x_wconf 87' lang='lat' dir='ltr'>edd.</span> <span class='ocrx_word' id='word_1_227' title='bbox 1184 1933 1271 1978; x_wconf 84' lang='lat' dir='ltr'><strong>M.):</strong></span> 
     </span>
     <span class='ocr_line' id='line_1_31' title="bbox 131 1980 371 2024; baseline -0.013 -9"><span class='ocrx_word' id='word_1_228' title='bbox 131 1980 307 2024; x_wconf 89' lang='lat' dir='ltr'>„mundi.“</span> <span class='ocrx_word' id='word_1_229' title='bbox 330 1980 371 2012; x_wconf 86' lang='lat' dir='ltr'>R.</span> 
     </span>
    </p>
   </div>
   <div class='ocr_carea' id='block_1_7' title="bbox 224 2035 1270 2081">
    <p class='ocr_par' dir='ltr' id='par_1_11' title="bbox 224 2035 1270 2081">
     <span class='ocr_line' id='line_1_32' title="bbox 224 2035 1270 2081; baseline 0 -13"><span class='ocrx_word' id='word_1_230' title='bbox 224 2036 261 2081; x_wconf 86' lang='lat'>⁵)</span> <span class='ocrx_word' id='word_1_231' title='bbox 284 2035 373 2070; x_wconf 85' lang='lat' dir='ltr'>Edd.</span> <span class='ocrx_word' id='word_1_232' title='bbox 396 2035 552 2069; x_wconf 84' lang='lat' dir='ltr'>Merlini:</span> <span class='ocrx_word' id='word_1_233' title='bbox 578 2049 646 2069; x_wconf 83' lang='lat' dir='ltr'><strong>esse</strong></span> <span class='ocrx_word' id='word_1_234' title='bbox 671 2045 809 2069; x_wconf 82' lang='lat' dir='ltr'>constat.</span> <span class='ocrx_word' id='word_1_235' title='bbox 913 2035 950 2081; x_wconf 68' lang='grc' dir='ltr'>ὃ)</span> <span class='ocrx_word' id='word_1_236' title='bbox 975 2036 1075 2069; x_wconf 88' lang='lat' dir='ltr'>Rom.</span> <span class='ocrx_word' id='word_1_237' title='bbox 1101 2035 1194 2076; x_wconf 85' lang='lat' dir='ltr'>XVI,</span> <span class='ocrx_word' id='word_1_238' title='bbox 1217 2035 1270 2070; x_wconf 86' lang='lat'>12.</span> 
     </span>
    </p>
   </div>
   <div class='ocr_carea' id='block_1_8' title="bbox 128 2091 1268 2179">
    <p class='ocr_par' dir='ltr' id='par_1_12' title="bbox 128 2091 1268 2179">
     <span class='ocr_line' id='line_1_33' title="bbox 224 2091 1268 2138; baseline -0.011 -2"><span class='ocrx_word' id='word_1_239' title='bbox 224 2092 260 2136; x_wconf 70' lang='lat'>7)</span> <span class='ocrx_word' id='word_1_240' title='bbox 283 2092 373 2125; x_wconf 75' lang='lat' dir='ltr'>Edd·</span> <span class='ocrx_word' id='word_1_241' title='bbox 405 2091 562 2125; x_wconf 83' lang='lat' dir='ltr'>Merlini:</span> <span class='ocrx_word' id='word_1_242' title='bbox 597 2091 673 2132; x_wconf 83' lang='lat' dir='ltr'>„cui</span> <span class='ocrx_word' id='word_1_243' title='bbox 705 2101 736 2124; x_wconf 83' lang='lat' dir='ltr'>et</span> <span class='ocrx_word' id='word_1_244' title='bbox 767 2092 900 2128; x_wconf 77' lang='lat' dir='ltr'>addidit</span> <span class='ocrx_word' id='word_1_245' title='bbox 932 2092 1184 2138; x_wconf 83' lang='lat' dir='ltr'>carissimam;“</span> <span class='ocrx_word' id='word_1_246' title='bbox 1215 2092 1268 2126; x_wconf 83' lang='lat' dir='ltr'>ed.</span> 
     </span>
     <span class='ocr_line' id='line_1_34' title="bbox 128 2136 788 2179; baseline -0.002 -7"><span class='ocrx_word' id='word_1_247' title='bbox 128 2139 255 2172; x_wconf 78' lang='lat' dir='ltr'>Ruaei:</span> <span class='ocrx_word' id='word_1_248' title='bbox 275 2137 355 2179; x_wconf 87' lang='lat' dir='ltr'>„cui</span> <span class='ocrx_word' id='word_1_249' title='bbox 377 2137 510 2170; x_wconf 82' lang='lat' dir='ltr'>addidit</span> <span class='ocrx_word' id='word_1_250' title='bbox 533 2147 565 2170; x_wconf 87' lang='lat' dir='ltr'>ct</span> <span class='ocrx_word' id='word_1_251' title='bbox 589 2136 788 2172; x_wconf 80' lang='lat' dir='ltr'>carissima.“</span> 
     </span>
    </p>
   </div>
   <div class='ocr_carea' id='block_1_9' title="bbox 220 2192 689 2295">
    <p class='ocr_par' dir='ltr' id='par_1_13' title="bbox 220 2192 689 2295">
     <span class='ocr_line' id='line_1_35' title="bbox 220 2192 578 2237; baseline 0.006 -11"><span class='ocrx_word' id='word_1_252' title='bbox 220 2193 258 2237; x_wconf 74' lang='lat' dir='ltr'>s)</span> <span class='ocrx_word' id='word_1_253' title='bbox 283 2192 384 2227; x_wconf 77' lang='lat' dir='ltr'><strong>Rom.</strong></span> <span class='ocrx_word' id='word_1_254' title='bbox 409 2193 502 2234; x_wconf 78' lang='lat' dir='ltr'>xvl,</span> <span class='ocrx_word' id='word_1_255' title='bbox 526 2194 578 2228; x_wconf 83' lang='lat'>13.</span> 
     </span>
     <span class='ocr_line' id='line_1_36' title="bbox 222 2249 689 2295; baseline 0.006 -12"><span class='ocrx_word' id='word_1_256' title='bbox 222 2250 260 2295; x_wconf 73' lang='lat'>⁹&gt;</span> <span class='ocrx_word' id='word_1_257' title='bbox 287 2249 353 2284; x_wconf 74' lang='lat' dir='ltr'>cfr.</span> <span class='ocrx_word' id='word_1_258' title='bbox 380 2249 411 2284; x_wconf 92' lang='lat'>11</span> <span class='ocrx_word' id='word_1_259' title='bbox 439 2249 517 2286; x_wconf 77' lang='lat' dir='ltr'>Cor.</span> <span class='ocrx_word' id='word_1_260' title='bbox 543 2249 637 2293; x_wconf 78' lang='lat' dir='ltr'>xm,</span> <span class='ocrx_word' id='word_1_261' title='bbox 659 2251 689 2286; x_wconf 84' lang='lat'>3.</span> 
     </span>
    </p>
   </div>
  </div>
 </body>
</html>
