1377 2454
233 77 301 111 212
504 73 681 109 Omezms
704 84 742 109 m
765 73 828 109 Er.
854 82 902 109 An
928 74 1109 111 Rommos

235 166 363 200 miserit
393 167 636 211 praedicantes.
699 166 815 210 Sed1)
852 166 956 209 magis
989 169 1032 200 ad
1063 167 1160 200 illum
1193 180 1275 212 nos,
1318 181 1362 213 qu

237 228 363 261 rectior
391 238 448 268 est,
474 227 716 269 intelligentiae
749 228 917 261 tramitem
948 229 1181 262 deflectamus:
1213 239 1245 262 et
1282 231 1368 274 quoe

239 290 336 323 dixit:
361 289 610 335 „quomodo²)
635 290 890 333 praedicabunt,
914 289 978 323 nisi
1002 290 1224 327 mittantur?“
1248 291 1293 324 sic
1319 304 1368 324 ac-

242 351 416 396 cipiamus,
439 352 532 396 quasi
558 350 647 383 dicat
665 352 866 396 Apostolus:
890 365 953 384 nos
977 366 1161 396 praecones
1186 362 1218 385 et
1239 351 1369 397 praedi·

238 423 368 446 catores
396 413 519 446 Christi
544 426 614 444 non
627 412 663 456 3)
687 414 910 458 possemus4)
925 414 1129 458 praedicare,
1153 426 1217 446 nec
1242 427 1369 446 annun-

236 475 343 507 tiandi
376 475 476 507 nobis
509 474 612 506 virtus
636 475 705 507 ulla
721 474 756 520 ⁵)
781 474 992 514 subsisteret,
1023 475 1087 508 nisi
1118 476 1246 508 adesset
1275 475 1369 507 nobi}

235 535 316 580 ipse,
343 536 400 580 qui
425 536 523 568 misit.
573 535 679 579 Quod
704 536 730 569 si
754 536 1026 580 praedicantibus
1047 535 1146 570 nobis
1163 536 1280 569 audire
1304 549 1370 568 non

236 597 346 637 vultis,
371 607 477 630 vestra
502 596 570 642 jam
596 598 695 641 culpa
721 607 785 638 est;
822 608 853 631 et
884 598 911 631 si
935 598 1109 631 audientes
1134 611 1205 630 non
1232 597 1371 631 creditis.

237 668 268 691 et
293 673 365 691 non
391 661 564 692 credentes
596 672 667 691 non
692 659 870 699 invocatis,
903 669 935 692 et
966 673 1037 692 non
1068 660 1263 692 invocantes
1295 659 1371 692 salvi

236 734 305 754 esse
329 721 484 765 nequitis.
534 720 623 764 Quia
659 734 736 763 ergo
769 721 860 754 missi
891 731 969 754 sunt
1000 722 1043 754 ad
1075 721 1372 766 praedicationem,

235 783 364 815 idcirco
406 783 447 814 de
480 782 547 821 his,
591 782 647 826 qui
680 783 722 815 ab
755 783 827 827 ipso
860 783 952 815 missi
983 792 1078 823 sunt,
1113 783 1275 827 scriptum
1309 791 1372 815 est:

234 844 406 888 ,‚quan1⁶)
432 844 575 887 speciosi
599 845 702 888 pedes
724 843 1074 886 evangelizantium7)
1099 843 1228 877 bona!“
1268 844 1373 887 Quod

234 907 338 950 pedes
363 905 417 937 hic
444 905 615 949 speciosos
650 919 722 938 non
747 906 952 949 corporales,
976 908 1035 939 sed
1061 905 1249 950 spi1·ituales
1275 906 1374 942 dicat,

236 978 333 1012 puto,
362 968 455 1011 quod
489 967 639 1011 quamvis
662 968 789 1000 amicus
813 967 854 1000 sit
882 967 954 1011 quis
985 967 1118 1006 literae,
1149 980 1271 1009 negare
1303 980 1374 998 non

236 1028 352 1073 possit.
397 1029 518 1072 Neque
550 1029 639 1061 enim
677 1029 712 1061 in
746 1029 780 1062 id
813 1029 947 1061 ridiculi
972 1030 1116 1061 deducet
1140 1028 1376 1073 Apostolicum

235 1104 381 1129 sensum,
407 1099 444 1121 ut
460 1089 749 1131 Evangelistarum
775 1091 889 1135 pedes,
916 1090 974 1134 qui
999 1090 1171 1135 corporeis
1197 1089 1302 1122 oculis
1326 1089 1374 1122 vi-

237 1150 359 1196 deris)
384 1161 540 1195 possunt,
562 1161 658 1196 putet
678 1153 719 1184 ab
741 1165 780 1184 eo
798 1153 941 1185 decoros
958 1151 1024 1185 dici
1050 1162 1081 1185 et
1103 1151 1289 1196 speciosos:
1316 1152 1374 1184 sed

234 1213 285 1246 illi
310 1221 388 1245 sunt
414 1213 529 1245 decori
556 1223 588 1246 et
611 1213 754 1258 speciosi
778 1215 891 1258 pedes,
919 1213 977 1258 qui
1003 1214 1180 1246 ambulant.
1201 1226 1264 1258 per
1286 1212 1374 1245 viam

234 1274 379 1318 vitae.⁹)
434 1275 632 1308 Secundum
664 1275 760 1308 illum
785 1275 957 1319 enim,¹⁰)
992 1274 1050 1320 qui
1075 1274 1174 1308 dixit:
1206 1274 1371 1318 „Eg0¹¹)

331 1440 365 1483 ¹)
389 1440 482 1472 Editi
507 1441 553 1485 (e.
579 1453 605 1471 c.
632 1441 707 1473 cdd.
733 1441 819 1485 M.):
852 1442 942 1480 „Sed
972 1442 1074 1484 magis
1111 1442 1153 1473 ad
1178 1440 1273 1472 illum
1299 1454 1372 1480 nos,

236 1485 293 1529 qui
337 1485 517 1518 rectiorem
560 1485 800 1528 intelligentiae
835 1486 1003 1520 tramitem
1041 1486 1208 1526 continet,
1264 1486 1369 1518 defle-

237 1535 395 1564 ctamus.“
419 1531 460 1563 R.

329 1587 365 1626 2)
390 1587 491 1618 Rom.
516 1587 560 1625 X,
590 1587 641 1620 15.

327 1642 364 1684 ³)
390 1642 474 1674 Msc.
500 1642 578 1683 ch.
606 1656 698 1675 num.
725 1643 822 1677 1639.
854 1656 944 1683 „non
969 1656 1143 1687 possemus
1166 1642 1371 1687 praedicare,

233 1701 295 1720 nec
323 1686 523 1719 annuntiare
547 1687 652 1727 vobis,
678 1687 741 1720 nisi
765 1688 836 1732 ipse
859 1702 922 1721 nos
944 1688 1116 1723 misisset.“
1138 1689 1179 1721 R.

328 1742 364 1787 ⁴)
388 1743 450 1775 Ed.
476 1743 524 1775 M.
551 1744 574 1776 l.
600 1745 689 1777 sola:
714 1757 904 1788 possumus.

327 1799 362 1838 ⁵)
390 1799 454 1831 Ed.
481 1799 528 1832 M.
555 1800 595 1831 II.
621 1801 710 1833 sola:
736 1801 803 1834 illa.

328 1853 365 1896 ⁶)
390 1854 489 1887 Rom.
515 1855 559 1893 X,
586 1856 636 1888 15.
663 1857 739 1888 coll.
765 1856 864 1890 Jesai.
888 1856 960 1895 LII,
985 1858 1015 1891 7.

328 1910 362 1954 ⁷)
387 1910 476 1943 Edd.
500 1911 639 1943 Merlini
664 1913 729 1944 hoc
755 1925 892 1957 quoque
911 1913 1000 1952 loco,
1022 1913 1081 1946 cfr.
1102 1912 1181 1957 pag.¹
1198 1913 1273 1947 207.
1297 1922 1369 1946 not.

233 1955 265 1989 9.
292 1955 613 1996 „evangelizantium
637 1970 765 2001 pacem,
792 1958 1090 1999 evangelizantium
1115 1957 1245 1990 bonal“

323 2010 360 2054 ⁸)
385 2010 477 2043 Editi
501 2011 548 2055 (e.
582 2026 609 2045 c.
635 2013 711 2045 edd.
736 2013 821 2058 M.):
852 2013 978 2053 „videri
1011 2013 1160 2058 possint,
1183 2023 1300 2058 putem
1323 2015 1365 2046 ab

234 2059 296 2088 eo“
321 2064 382 2088 etc.
410 2056 440 2087 R

324 2110 361 2155 ⁹)
384 2111 472 2143 Edd.
497 2111 652 2146 Merlini:
679 2113 774 2151 vitae,
799 2114 986 2147 secundum
1010 2113 1107 2147 illum
1133 2134 1174 2140 —
1199 2114 1259 2148 via.
1305 2113 1362 2146 In-

230 2156 344 2198 tellige
369 2165 428 2188 etc.

299 2211 355 2255 ¹⁰)
381 2211 485 2245 Deest
508 2211 543 2244 in
568 2213 663 2246 editis
688 2213 733 2258 (e.
759 2227 786 2247 c.
812 2215 887 2248 edd.
912 2214 998 2260 Μή)
1024 2213 1167 2257 ‚,enim.“
1191 2214 1232 2246 R.

301 2266 356 2311 ¹¹)
383 2268 443 2301 Ev.
468 2269 593 2302 Joann.
618 2268 711 2310 XIV,
737 2270 768 2305 6.
