1320 2444
174 93 243 129 356
445 90 623 125 Omerms
646 99 681 125 m
704 89 769 124 Er.
792 98 840 124 An
865 90 1044 126 nominos

180 196 268 228 quae
301 181 392 228 apud
423 182 656 227 prophetas')
687 182 811 226 scripta
842 181 1122 222 memoravimus,
1153 182 1315 216 declarari

180 246 332 278 videmus
371 258 408 277 ex
447 245 607 277 omnibus
650 242 831 276 certissime
860 244 1015 276 futurum
1047 256 1115 277 csse
1155 242 1316 289 judicium

178 307 264 340 Dei:
298 305 394 352 cujus
422 306 550 351 species
575 315 611 339 ut
634 305 752 337 notior
776 304 976 338 hominibus
1001 305 1114 345 fieret,
1143 305 1318 350 judicandi

182 372 292 403 forma
318 381 356 401 ex
388 367 506 411 liis,²)
546 380 633 411 quae
664 366 751 398 inter
776 366 931 399 homines
963 376 1142 408 geruntur,
1178 375 1320 400 assumta

183 441 240 471 est,
264 445 332 476 quo
356 430 483 463 scilicet
507 441 736 467 nosceremus,
761 427 839 471 quia
864 427 950 460 sicut
968 427 1069 472 judex
1086 427 1145 461 iste
1169 437 1320 461 terrenus

184 493 360 527 celsiorem
387 491 558 535 quendam
583 489 716 529 locum,
742 489 835 532 quod
861 489 1011 522 tribunal
1038 490 1239 534 appellatur,
1263 489 1320 522 ad-

183 554 329 593 scendit,
360 562 396 585 ut
419 566 456 585 cx
481 565 521 585 co
547 551 647 585 altior
673 560 703 583 et
740 550 945 583 eminentior
979 551 1111 591 ceteris,
1152 551 1209 594 qui
1234 548 1320 595 judi-

185 617 286 649 candi
310 624 397 654 sunt,
421 615 489 654 fiat,
513 627 556 646 ne
570 613 606 656 3)
631 621 852 656 conspectum
872 611 942 657 ejus
959 614 1085 645 lateant
1108 612 1159 645 vel
1185 625 1320 645 reorum

183 676 362 722 supplicia,
385 676 436 708 vel
463 675 679 716 allegationes
702 674 957 707 innocentium:
982 674 1026 706 ita
1040 673 1077 718 ⁴)
1100 673 1320 714 intelligamus

185 749 216 772 et
246 738 395 783 judicem
430 736 586 770 omnium
614 735 787 768 Christum
821 745 942 768 natura
975 744 1007 768 ct
1038 734 1210 780 majestate
1242 748 1320 766 cun-

185 800 293 844 (τάδε)
318 799 523 832 eminentem
547 796 769 841 introspicere
794 798 898 829 corda
916 805 947 828 et
963 796 1185 830 conscientias
1198 795 1234 839 ὓ)
1257 796 1320 829 sin-

184 863 362 905 gulorum,
395 860 610 893 manifestare
634 859 783 897 occulta,
820 867 851 889 et
875 859 1009 890 obtecta
1033 860 1199 897 revelare,
1234 866 1272 890 ut
1296 865 1320 890 et

183 925 284 957 honis
318 922 448 955 actibus
477 922 614 955 laudem
646 920 784 958 tribuat,
809 919 890 963 et7)
920 920 1001 952 mali
1024 932 1193 964 poenam,
1223 930 1320 963 quam

183 994 378 1024 merentur,
409 982 585 1027 excipiant.
640 980 748 1024 Quod
781 980 808 1014 si
837 990 952 1014 manet
983 982 1137 1013 futurum
1161 979 1320 1024 judicium

188 1046 266 1086 Dei,
292 1055 324 1080 et
347 1045 414 1078 tale
437 1042 616 1089 judicium,
640 1042 675 1074 in
700 1055 768 1086 quo
794 1055 866 1074 non
881 1043 993 1075 solum
1018 1041 1251 1086 unusquisque
1274 1054 1320 1074 re-

189 1107 291 1152 cipiet
305 1106 342 1151 8)
375 1119 439 1150 pro
473 1105 604 1138 actibus
626 1104 712 1144 suis,
735 1104 795 1136 sed
820 1113 852 1136 et
875 1117 940 1148 pro
967 1103 1062 1136 omni
1087 1103 1197 1136 otioso
1222 1103 1320 1136 verbo

188 1171 309 1203 reddet
330 1168 510 1207 rationem,
534 1167 723 1199 secundum
743 1164 945 1198 sententiam
961 1164 1124 1198 Domini:
1151 1164 1320 1206 cogitatio-

188 1245 247 1264 nes
272 1243 411 1275 quoque
434 1229 543 1261 malae
574 1227 845 1261 confutabuntur
868 1228 1091 1270 redarguente
1114 1225 1316 1259 conscientia

288 1319 323 1363 ¹)
350 1319 399 1351 Ita
433 1318 516 1350 lllsc.
549 1317 629 1360 Reg.
663 1331 757 1350 num.
788 1317 886 1352 1639.
926 1326 957 1350 et
992 1317 1162 1349 Rabanus.
1220 1315 1320 1350 Ceter.

192 1379 272 1399 vero
297 1365 378 1398 Mss.
405 1373 436 1396 et
461 1363 539 1395 editi
564 1364 611 1406 (e.
637 1376 665 1396 c.
691 1364 767 1396 edd.
792 1363 880 1408 M.):
904 1363 1166 1408 „prophetam.⁴‘
1189 1362 1229 1394 R.

285 1421 322 1462 ²)
347 1420 437 1452 Edd.
463 1418 618 1451 Merlini:
642 1419 690 1451 iis.

284 1476 322 1519 ³)
346 1474 439 1507 Editi
463 1473 511 1518 (v,
536 1487 562 1507 e.
588 1475 666 1507 edd.
693 1474 778 1518 Μ.).
804 1486 868 1514 „ne
884 1473 1081 1517 conspectui
1106 1471 1175 1519 ejus
1205 1473 1320 1507 lateam

191 1524 243 1555 vel
267 1522 462 1554 malorum“
490 1528 550 1551 etc.
590 1520 675 1552 Msc.
702 1520 782 1558 Reg.
807 1533 900 1552 num.
924 1518 1021 1554 1639.
1045 1531 1110 1557 „ne
1134 1527 1320 1562 conspectu:

193 1567 264 1613 ejus
294 1567 395 1599 lateat
427 1565 478 1597 vel
511 1577 650 1597 reorum
688 1565 886 1610 (Rabanusz
923 1562 1070 1596 lateant
1102 1562 1162 1596 vel
1196 1562 1320 1607 rerum]

191 1610 381 1657 supplicia“
406 1619 467 1643 etc.
493 1608 532 1641 Ρι.

285 1666 323 1711 ⁴)
348 1666 441 1700 Editi
465 1665 512 1711 (e.
539 1679 565 1698 c.
590 1667 666 1699 edd.
693 1665 762 1709 Μ)
782 1665 958 1699 omittunt:
980 1664 1077 1705 „ita.“
1094 1663 1135 1696 R.

287 1724 322 1767 ⁵)
348 1722 442 1755 Editi
467 1722 513 1766 (v,
539 1735 566 1755 c.
593 1723 669 1754 edd.
695 1722 781 1765 Ma)
808 1721 948 1762 „ceteris
974 1720 1210 1753 eminentem.“
1233 1718 1272 1752 R.

288 1779 326 1823 ⁶)
350 1779 440 1811 Edd.
465 1778 622 1811 Merlini:
650 1777 902 1810 conscientiam.

291 1834 327 1878 ⁷)
353 1835 409 1868 Sic
435 1834 616 1874 Rabanus,
650 1835 734 1868 Msc.
758 1834 839 1874 Reg.
865 1846 958 1866 num.
984 1832 1102 1871 1639«,
1127 1841 1158 1864 et
1181 1831 1260 1864 editi
1282 1831 1318 1874 (v

197 1895 223 1913 c.
250 1880 325 1913 edd.
352 1879 501 1918 Merlini,
525 1892 611 1923 quae
636 1888 748 1912 tamen
775 1878 985 1923 ‚,accipiant“
1010 1878 1136 1909 habent
1160 1887 1243 1921 pro:
1267 1887 1320 1907 ex-

198 1925 373 1971 cipiant).
399 1925 477 1957 Mss.
503 1938 582 1957 vero
606 1924 777 1969 plerique:
803 1933 857 1964 „et
873 1924 981 1956 malos
996 1930 1120 1967 poena,
1144 1935 1246 1966 quam
1262 1932 1320 1953 me·

194 1981 325 2010 rentur,
345 1968 521 2013 excipiat.“
546 1969 572 2000 R

290 2027 327 2071 8)
352 2026 401 2057 Ita
426 2025 512 2061 Msc,
537 2026 617 2068 Reg.
642 2039 735 2059 num.
761 2025 858 2061 1639.
905 2022 998 2056 Editi
1026 2036 1106 2056 vero
1132 2022 1178 2100 5?-
1205 2036 1231 2055 c.
1256 2021 1317 2053 edd

197 2072 284 2115 M.):
311 2070 471 2114 „recipiet
494 2083 558 2113 pro
592 2072 737 2109 actibus,
767 2072 825 2103 sed
858 2082 922 2113 pro
958 2068 1053 2101 omni
1084 2081 1140 2100 ver
1168 2081 1188 2100 ο
1222 2065 1320 2099 otiose

199 2117 297 2162 (edd.
322 2115 476 2148 Merlini:
501 2117 621 2148 otioso
647 2114 778 2159 verbo)
801 2115 963 2148 reddetur
986 2114 1058 2157 (ed.
1080 2113 1128 2145 M.
1153 2112 1185 2144 I:
1210 2108 1320 2143 reddi·

200 2162 277 2204 tur)
294 2161 379 2194 ratio
395 2174 455 2192 --:
482 2161 768 2205 cogitationesque
792 2161 864 2204 (ed.
888 2158 936 2191 M.
953 2158 986 2189 I:
1013 2153 1320 2203 cognitionesque]

199 2208 330 2240 malae“
356 2215 415 2238 etc.
463 2203 577 2238 Ceteri
601 2206 679 2239 Mss.
706 2216 737 2238 et
762 2206 938 2238 Rabanus:
963 2204 1139 2242 „redditur
1163 2202 1247 2234 ratio
1267 2217 1320 2228 -ν

199 2251 421 2293 cogitationes
445 2263 529 2294 quae
557 2263 597 2283 ue
629 2251 828 2295 (Rabanuffi
862 2247 1026 2296 quoque)
1051 2248 1182 2282 malae“
1208 2254 1266 2280 etc.
1291 2242 1320 2275 R

199 2317 242 2323 --
269 2295 337 2330 Cfr.
362 2296 483 2330 Matth.
508 2296 539 2329 X
561 2296 584 2336 l,
608 2296 662 2331 36.
