1377 2454
194 27 261 62 124
463 26 640 63 Omenms
662 39 700 64 m
723 29 790 64 En
810 39 857 64 An
884 29 1065 65 Romnos

194 120 349 152 futurum
373 117 414 152 sit
437 118 483 160 id,
518 121 612 165 quod
635 122 792 154 nondum
816 130 874 154 est.
920 122 962 153 In
994 120 1062 154 hoc
1092 119 1183 154 enim
1206 120 1328 154 volun-

193 189 244 214 tas
267 180 371 224 magis
396 191 460 222 cst,
485 195 587 226 quam
622 182 842 227 praescientia
866 181 1062 216 conditoris.
1108 183 1197 216 Nam
1231 196 1330 228 prae-

193 242 330 276 scientia
353 243 390 276 in
416 257 484 288 quo
509 243 688 283 videbitur,
712 258 789 277 cum
814 244 859 284 id,
874 243 968 288 quod
985 245 1139 277 futurum
1164 253 1221 284 est,
1244 258 1328 289 pen-

194 305 272 337 deat
295 305 329 338 in
354 306 490 339 factoris
519 305 688 338 arbitrio?
733 305 915 339 Videbitur
943 306 1092 339 fortassis
1129 306 1171 338 ab
1197 305 1330 339 attentis

193 366 378 400 lectoribus
404 367 503 400 ctiam
528 356 593 399 hoc
613 366 645 411 ¹)
670 367 814 411 requiri,
839 381 900 400 cur
922 381 995 400 non
1020 367 1157 401 dixerit:
1190 368 1329 400 consor·
1372 386 1373 390 =

192 441 264 461 mes
287 428 367 462 Filii
392 429 459 469 sui3
482 430 557 461 sed:
586 429 801 467 „conformes
816 428 852 474 ²)
877 429 1029 472 imaginis
1053 428 1134 461 Filii
1158 429 1241 462 sui.“
1264 428 1328 461 Di-

194 500 247 523 cet
271 490 373 530 enim,
399 490 504 535 qui3)
532 492 613 523 haec
640 492 777 531 excitat,
803 490 893 536 quia,
916 491 1001 524 sicut
1024 491 1096 536 ipse
1119 490 1246 531 Filius,
1272 489 1330 535 qui

192 551 324 594 „imago
338 551 374 597 ⁴)
399 552 466 585 Dei
491 552 686 586 invisibilis“
711 552 842 592 dicitur,
860 562 1023 597 quantum
1037 552 1073 597 ⁵)
1091 553 1134 585 ad
1148 564 1330 597 personam

192 623 330 659 spectat,
350 613 434 646 alius
459 623 506 647 est
530 615 572 646 ab
597 614 670 654 illo,
694 613 789 659 cujus
805 614 914 656 imago
941 623 1003 648 cst:
1028 613 1074 646 ita
1098 623 1130 646 et
1153 614 1219 654 hic,
1244 626 1331 658 quae

192 674 317 708 dicitur
340 675 451 718 imago
484 675 563 708 Filii
588 674 678 722 ejus,
703 676 766 708 alia
792 677 895 708 debet
920 688 991 708 esse
1014 676 1056 707 ab
1070 675 1106 720 ⁶)
1130 674 1208 714 illo,
1235 674 1330 721 cujus

191 736 303 780 imago
330 746 386 770 est.
433 737 479 770 Et
503 737 653 782 quamvis
679 738 785 770 ardua
810 736 891 769 haec
916 736 1094 770 videantur
1118 745 1150 770 et
1170 736 1330 778 difficilia,

189 808 304 832 tamen
328 798 405 831 vide
428 798 454 831 si
470 812 648 843 possumus
672 798 759 831 illud
775 798 902 831 dicere:
929 798 1017 843 quia,
1042 799 1193 843 quamvis
1209 797 1330 839 omnis,

191 860 249 905 qui
273 874 308 894 se
332 861 375 893 ad
400 874 474 893 eam
500 862 657 899 formam,
683 873 784 904 quam
805 874 906 904 supra
926 859 1112 904 posuimus,
1137 859 1332 900 excoluerit,

190 921 302 964 imago
327 923 367 955 sit
399 922 483 961 Dei,
514 923 579 954 hoc
605 931 670 961 est,
695 921 805 964 imago
831 921 910 954 Filii
936 921 1014 961 Dei,
1038 930 1153 954 tamen
1177 921 1330 965 specialis

190 997 229 1016 ac
254 983 392 1028 propria
418 983 529 1025 imago
555 982 643 1028 ejus,
677 996 762 1027 quae
798 997 875 1015 cum
909 992 1021 1016 totum
1055 992 1156 1027 atque
1181 995 1218 1015 ex
1243 982 1328 1015 inte-

190 1059 251 1088 gro
277 1044 433 1089 suscepit,
459 1054 491 1077 et
514 1044 549 1076 in
575 1053 681 1077 semet
705 1044 776 1089 ipsa
802 1045 982 1084 formavit,
1005 1041 1126 1090 ips-2⁷)
1149 1044 1232 1077 Jesu
1256 1044 1329 1077 ani-

189 1120 247 1139 ma
272 1106 415 1139 dicenda
441 1115 498 1145 est,
525 1119 610 1150 quae
635 1119 668 1138 se
692 1119 755 1150 per
787 1105 901 1138 omnia
925 1106 1041 1139 Verbo
1073 1119 1113 1138 ac
1137 1106 1329 1150 Sapientiae

190 1167 257 1200 Dei
284 1168 328 1200 ita
353 1167 530 1212 coaptavit,
555 1177 593 1200 ut
615 1168 650 1200 in
675 1169 771 1201 nullo
797 1181 937 1212 prorsus
962 1169 1004 1201 ab
1020 1166 1090 1213 ejus
1109 1167 1329 1202 similitudine

191 1230 333 1264 decolor
356 1230 554 1263 haberetur:
579 1230 621 1262 ita
649 1239 701 1269 ut,
734 1230 929 1274 quicunque
953 1243 1121 1263 summam
1145 1230 1326 1275 perfectio-

190 1291 242 1325 nis
266 1305 304 1323 ac
329 1290 547 1324 beatitudinis
580 1300 807 1331 consectatur,
837 1292 879 1324 ad
895 1290 930 1335 Θ)
962 1291 1053 1324 illius
1085 1291 1265 1334 imaginem
1290 1305 1327 1324 ac

191 1352 448 1386 similitudinem
472 1354 598 1393 tendat,
624 1365 710 1397 quae
734 1352 846 1397 primo
873 1353 950 1385 loco
977 1362 1010 1386 et
1033 1367 1135 1398 super
1147 1353 1183 1398 ⁹)
1209 1366 1327 1387 omnes

285 1515 320 1560 ¹)
345 1515 409 1549 Ed.
434 1514 483 1548 M.
509 1515 541 1547 I:
566 1514 657 1547 haec.
755 1513 792 1559 ²)
817 1513 916 1547 Rom.
942 1514 1035 1555 VIII,
1058 1515 1112 1549 29.

279 1571 319 1616 ³)
343 1571 432 1604 Edd.
455 1569 610 1603 Merlini:
636 1569 694 1615 qui
719 1570 837 1603 excitat
862 1571 954 1604 haec.

282 1627 320 1671 ⁴)
347 1627 476 1660 Coloss.
500 1626 526 1666 I,
550 1628 603 1661 15.

284 1683 319 1726 ⁵)
344 1682 399 1716 Sic
425 1691 515 1714 recte
539 1682 623 1714 lVIsc.
649 1697 736 1716 unus
761 1684 842 1725 Reg.
867 1697 961 1716 num·
985 1684 1082 1719 1639.
1132 1682 1243 1715 Ceteri
1268 1697 1323 1716 vc-

188 1742 229 1761 ro
252 1728 343 1761 Mss:
373 1736 559 1772 „quantum
592 1728 634 1760 ad
667 1741 847 1772 personam
880 1728 1055 1773 specialius
1088 1737 1136 1761 est
1160 1728 1271 1772 (editi,
1297 1741 1323 1761 c.

189 1788 216 1807 c.
242 1774 319 1807 edd.
341 1774 402 1812 M„
429 1781 606 1817 quantum
631 1793 671 1797 -
696 1773 876 1818 specialis
903 1775 976 1818 est)
1000 1775 1043 1807 ab
1068 1773 1150 1806 illo“
1176 1782 1235 1806 etc.
1259 1773 1300 1806 R.

281 1829 318 1875 6)
342 1830 476 1862 Desunt
501 1828 535 1860 in
559 1828 653 1861 libris
679 1838 776 1862 antea
801 1828 898 1862 editis
932 1830 979 1875 (e.
1006 1843 1033 1862 c.
1056 1830 1133 1863 edd.
1157 1829 1225 1874 M.)
1250 1841 1321 1862 ver—

189 1876 250 1907 ba:
274 1876 338 1915 „ab
363 1874 457 1906 illo.“
486 1874 527 1906 R.

282 1930 319 1974 ⁷)
343 1930 432 1963 Edd.
455 1929 612 1962 Merlini:
637 1930 706 1974 ipsa
732 1930 844 1964 anima
868 1931 960 1964 Jcsu.

281 1986 319 2031 8)
342 1987 406 2019 Ed.
437 1985 545 2019 Ruaei
577 1985 612 2017 in
647 1995 755 2018 textu:
787 1988 853 2027 ⁷‚ad
886 1986 975 2020 illius
1011 2001 1046 2020 se
1076 1986 1255 2030 imaginem
1281 2007 1321 2012 ———

187 2032 339 2072 tendat;“
365 2032 481 2063 cadem
508 2030 541 2062 in
566 2030 674 2063 notis:
701 2031 802 2070 „Mss
828 2031 944 2071 nostri,
970 2041 1001 2064 ct
1026 2033 1246 2066 Salodianus:
1273 2032 1324 2064 ad

190 2077 292 2110 illius
316 2088 354 2109 se
381 2077 580 2121 imaginem
604 2097 648 2104 -—
678 2076 818 2110 tendat.
867 2078 937 2110 Sed
969 2087 1082 2111 tamen
1117 2092 1179 2111 vox
1205 2089 1243 2110 se
1269 2092 1322 2110 re-

189 2123 343 2155 dundare
377 2121 525 2160 videtur,
563 2130 594 2153 et
627 2134 698 2153 cam
734 2122 894 2155 omittunt
935 2123 1033 2156 ceteri
1067 2123 1176 2156 editi“
1214 2122 1261 2167 (e.
1294 2136 1323 2155 c„

189 2169 265 2201 cdd.
290 2167 358 2210 Μ.)
376 2168 417 2199 R.

282 2223 319 2267 9)
342 2224 406 2257 Ed.
433 2223 479 2257 Μ.
507 2221 555 2257 Ul
582 2232 613 2255 et
638 2235 737 2268 super
763 2232 887 2257 ceteras
914 2237 1030 2257 omncs
1056 2233 1131 2257 cte,-
