1377 2454
297 90 647 124 COMMENTARIORUM
671 90 743 123 Lm.
768 89 859 124 VIII.
1066 93 1135 128 269

10 184 167 229 scriptum
192 190 257 214 est:
282 181 463 225 „veniut¹)
489 194 526 213 ex
552 180 647 221 Sion,
673 179 777 225 qui²)
801 180 932 220 liberet,
958 189 990 213 et
1007 191 1134 214 avertat

10 243 240 290 impietates-³)
272 244 314 276 ab
339 243 467 276 Jacob:
500 252 532 275 et
563 243 628 275 hoc
659 242 725 275 illis
758 255 775 275 a
806 256 861 275 me
885 252 1134 284 testamentum,

11 320 85 340 cum
109 305 277 338 abstulero
302 314 438 349 peccata
463 309 613 337 eorum.“
651 304 834 337 Sciendum
852 317 931 336 sane
957 314 1013 345 est,
1039 306 1134 349 quod

8 368 43 401 in
65 368 229 411 propheta
255 366 368 406 Esaia,
404 367 495 399 unde
519 365 748 399 testimonium
779 365 866 398 istud
891 366 1016 399 Paulus
1042 380 1134 400 assu-

9 428 78 468 mit,
102 442 164 472 pro
191 442 241 467 eo,
267 429 360 473 quod
397 428 479 460 dixit
510 428 710 472 Apostolus:
746 427 874 467 „veniet
886 427 921 472 ⁴)
949 441 985 460 ex
1011 428 1094 461 Sion
1106 433 1136 461 :“

10 489 169 534 scriptum
194 499 257 522 est:
282 489 459 533 „veniet⁵)
483 498 622 534 propter
648 488 771 521 Siouz“
808 498 839 521 et
871 491 965 533 quod
996 490 1040 522 ait
1065 490 1135 524 hic:

10 564 105 592 „cum
121 551 156 595 6)
181 551 351 583 abstulero
376 560 511 595 peccata
538 554 695 583 eorum:“
729 549 777 582 ibi
809 551 949 583 omnino
974 550 1137 595 scriptum

12 626 81 645 non
105 621 163 648 est,
187 613 246 645 sed
271 626 332 644 nec
358 613 448 656 apud
475 613 647 645 Hebraeos
674 611 827 656 quidem:
854 612 1010 657 Apostoli
1023 623 1137 645 tamen

12 673 252 717 auctoritate7)
278 682 508 717 praesumtum
535 683 590 706 est.
638 674 776 707 Interim
808 675 942 708 veniens
967 674 1138 709 Dominus

13 749 49 768 ex
74 735 156 768 Sion
174 735 302 774 liberat,
315 734 351 778 ε“)
377 744 408 767 ct
421 735 538 767 avertit
556 735 742 780 impietates
757 735 792 780 ⁹)
810 737 852 769 ab
871 737 989 769 Jacob.
1030 737 1139 769 Aver-

11 796 50 829 tit
73 807 183 829 aulem
200 796 383 841 hnpietates
408 798 450 829 ab
468 811 508 829 eo
527 798 712 830 secundum
738 798 834 837 illud,
860 798 952 841 quod
975 797 1138 842 scriptum

13 868 77 891 est:
103 858 178 903 quia
202 859 331 897 „diluet
347 859 401 903 10)
426 859 596 891 Dominus
620 859 737 891 sordes
762 859 912 892 filiorum
938 868 969 892 et
993 860 1140 893 filiarum

13 920 106 959 Sion,
133 929 164 952 et
188 920 383 961 sanguinem
400 921 579 954 mundabit
604 922 646 953 de
669 920 782 953 medio
810 919 880 966 ejus
898 921 933 953 in
948 922 954 940 ¹
969 922 1003 963 Ι)
1021 921 1141 966 spiritu

12 980 137 1027 judicu,
163 991 194 1014 et
211 981 265 1025 ι2)
287 982 405 1026 spiritu
430 982 609 1015 ustionis:“
643 992 674 1015 et
705 984 769 1015 hoc
793 982 837 1014 ita
864 982 937 1015 fieri
960 992 1141 1016 testamen-

14 1052 87 1075 tum
103 1041 157 1086 13)
191 1042 228 1075 iis
255 1053 325 1075 erat
350 1057 366 1076 a
392 1044 486 1083 Deo,
510 1054 547 1076 ut
571 1044 616 1077 sic
642 1045 683 1076 ab
709 1043 745 1076 iis
771 1053 1000 1076 averterentur
1023 1044 1143 1088 impie-

14 1113 107 1143 tates,
133 1113 164 1136 ct
189 1105 402 1137 auferrentur
424 1115 569 1150 peccata.
618 1105 703 1148 Quis
737 1115 848 1137 autem
882 1105 922 1137 sit
946 1105 1007 1138 iste
1031 1107 1141 1139 omnis

13 1166 126 1204 Israel,
153 1165 209 1210 qui
233 1166 341 1199 salvus
368 1167 433 1206 fiet,
459 1167 510 1199 vel
537 1180 621 1211 quae
653 1167 713 1199 crit
747 1167 805 1199 ista
838 1166 1016 1211 plenitudo
1042 1167 1142 1200 etiam

15 1226 188 1265 Gentium,
214 1227 307 1259 Deus
332 1228 422 1260 solus
447 1228 550 1268 novit,
567 1228 621 1272 Η)
647 1238 679 1261 et
702 1227 902 1270 Unigenitus
926 1242 1014 1268 suus,
1030 1229 1085 1273 ¹⁵)
1111 1239 1143 1262 et

108 1342 142 1387 ¹)
167 1343 266 1375 Rom.
292 1343 352 1382 XI,
376 1344 428 1378 26.
452 1344 505 1378 27.
531 1345 606 1377 coll.
631 1344 728 1377 Jesai.
753 1345 841 1384 LIX,
865 1347 918 1380 20.
942 1347 995 1380 21.

107 1398 143 1442 ²)
168 1399 232 1432 Ed.
256 1399 304 1431 Μ.
330 1399 359 1432 Ῑ;
385 1400 464 1444 „qui
489 1400 668 1444 liberetur,
695 1410 726 1433 et
751 1405 895 1434 avertet“
922 1411 992 1441 etc„
1019 1403 1069 1435 ed.
1095 1402 1144 1436 Μ.

16 1444 57 1477 Π.
82 1445 146 1476 hoc
172 1444 260 1483 loen,
284 1445 342 1476 cfr.
367 1458 438 1489 pag.
464 1446 538 1479 266.
565 1455 634 1478 not.
659 1447 700 1485 3.‚
724 1457 761 1479 ut
784 1462 847 1480 nos
871 1446 906 1479 in
930 1456 1031 1480 textu.

109 1501 144 1542 ³)
169 1501 257 1533 Edd.
282 1500 331 1533 M.
358 1510 389 1533 et
412 1502 450 1534 R.
476 1502 540 1534 hoc
566 1503 661 1541 loco,
697 1503 756 1536 cfr.
790 1517 864 1547 pag.
900 1504 976 1538 266.
1009 1513 1079 1536 not.
1112 1504 1143 1538 4.

18 1545 277 1589 ‚‚impietatem.“

111 1601 147 1643 4)
170 1602 270 1633 Rom.
296 1601 356 1640 ΧῙ,
379 1602 435 1638 26,
532 1603 567 1646 ⁵)
592 1603 690 1636 Jesai.
715 1604 803 1644 LIX,
827 1606 879 1638 20.

113 1657 148 1699 6)
174 1658 272 1690 Rom.
298 1658 358 1696 XI,
381 1659 434 1691 27.

112 1713 147 1757 ⁷)
171 1714 258 1747 Edd.
284 1713 440 1746 Merlr'ni:
466 1715 663 1748 auctoritate
686 1725 917 1760 praesumtum
942 1727 999 1750 est.

111 1769 147 1811 ⁸)
172 1768 263 1801 Editi
288 1770 335 1813 (v.
361 1783 387 1803 c.
412 1771 490 1803 edd,
517 1771 602 1814 M.):
632 1772 790 1812 „libel-et,
815 1781 847 1804 et
872 1783 997 1806 avertat
1022 1793 1063 1800 —
1087 1774 1147 1808 Ja-

21 1815 94 1847 cob.
122 1814 250 1846 Avertit
274 1820 407 1847 autem“
432 1825 492 1848 etc.
510 1816 550 1849 R.

113 1869 148 1912 9)
176 1870 260 1902 Edd.
290 1871 339 1904 M.
372 1879 404 1903 et
434 1872 474 1904 R.
507 1873 572 1905 hoc
597 1873 685 1913 loco,
718 1874 777 1906 cfr.
801 1887 833 1918 p.
858 1872 926 1920 huj.
951 1884 1021 1908 not.
1045 1876 1087 1916 3.,
1111 1885 1144 1909 et

21 1924 197 1958 sequente:
221 1915 460 1959 „impietates.“

95 1969 150 2011 Η”)
176 1970 239 2002 Sic.
265 1972 347 2004 Msc.
372 1973 451 2014 Reg.
476 1986 567 2005 num.
594 1974 689 2008 1639.
737 1974 846 2007 Ceteri
870 1988 949 2008 vero
964 1976 1054 2015 'Mss.⁷
1078 1978 1147 2010 Ra-

23 2014 140 2051 banus,
166 2024 197 2047 et
221 2015 300 2048 editi
325 2017 370 2060 (v.
397 2030 421 2049 e.
446 2019 520 2051 edd.
543 2018 628 2063 M.):
653 2019 796 2058 „delevit
822 2040 862 2045 --
885 2021 1148 2056 mundavit.“R.

25 2078 66 2084 —
93 2058 160 2090 Csr.
185 2060 283 2092 Jesai.
307 2062 364 2100 IV,
388 2063 418 2095 4.

97 2114 152 2158 ¹¹)
178 2115 281 2148 Deest
304 2116 380 2156 ,‚in“
404 2118 437 2150 in
456 2119 530 2150 edd.
556 2119 602 2152 M.

98 2170 153 2214 ¹²)
178 2171 269 2205 Editi
294 2183 341 2216 μ’.
367 2186 392 2206 e.
417 2175 491 2207 edd.
517 2175 600 2218 M.):
626 2185 679 2215 „et
704 2176 820 2220 spiritu
845 2177 1015 2210 ultioniS.“
1038 2178 1079 2211 R.

97 2225 153 2269 13)
179 2226 264 2260 Edd.
290 2228 445 2260 Merlini:
471 2239 705 2264 testamentum
731 2242 801 2264 erat
825 2232 854 2264 ei
879 2247 897 2265 a
922 2234 999 2266 Deo
1026 2245 1086 2268 etc.

97 2281 154 2325 ¹⁴)
177 2282 241 2316 Ed.
266 2284 312 2317 Μ.
339 2285 368 2318 1:
395 2286 534 2321 noverit.
631 2287 686 2331 ¹⁵)
710 2288 799 2321 Edd.
824 2288 981 2324 Merlini:
1007 2290 1088 2337 ejus,
