1377 2454
194 65 261 100 128
451 63 638 115 ‘Omonms
661 75 697 99 m
720 65 783 99 ΕΡ.
808 73 855 100 An
880 67 1058 102 RomANos

193 153 408 188 suetudInem
445 156 672 197 cognoscendi
691 157 725 201 ¹)
757 156 909 202 posuisse
939 170 1151 198 sermonem,
1181 166 1218 191 ut
1247 157 1327 191 illos

193 217 387 250 ostenderet
414 218 650 262 praecognitos
683 232 701 253 a
732 219 830 259 Deo,
862 218 898 251 in
924 219 1057 264 quibus,
1080 220 1187 253 sciens
1212 219 1328 264 quales

192 288 312 319 essent,
335 292 488 313 amorem
512 294 611 313 suum
634 281 730 314 Deus
753 283 984 326 affectumque
1000 281 1181 325 posuisset:
1205 293 1325 314 secun-

192 339 325 385 dum²)
354 342 448 386 quod
473 342 574 375 etiam
603 341 690 376 illud
714 342 876 387 scriptum
902 352 964 381 est:
995 342 1175 385 „cognovit
1187 342 1222 387 ³)
1247 342 1324 374 Do-

189 402 302 435 minus
327 416 393 442 eos,
419 403 476 448 qui
500 413 578 436 sunt
593 403 664 450 ejus
674 408 704 437 :“
728 417 805 437 cum
820 403 949 449 utique,
973 413 1136 449 quantum
1161 405 1205 437 ad
1227 404 1326 437 istam

190 477 409 498 communem
432 465 604 498 scientiam
638 465 800 510 pertinet,
832 466 928 499 Deus
941 465 979 511 4)
1010 479 1082 499 non
1112 466 1224 499 solum
1256 479 1326 507 eos,

191 526 249 571 qui
272 526 325 560 sui
348 536 443 567 sunt,
479 528 537 560 sed
570 536 602 559 et
633 540 705 567 eos,
732 526 789 572 qui
823 537 938 560 errant
961 540 979 561 a
1003 541 1055 568 se,
1086 541 1159 560 non
1181 527 1324 570 ignoret.

189 588 259 621 Sed
272 587 306 632 ⁵)
331 587 526 630 cognovisse
550 603 629 622 suos
656 589 793 629 dicitur,
824 590 890 622 hoc
916 599 973 629 est,
997 589 1032 622 in
1058 588 1239 622 dilectione
1263 590 1324 622 ha-

187 649 311 690 buisse,
334 649 466 695 sibique
490 651 642 683 sociasse.
679 651 726 683 Ita
744 664 823 693 ergo
845 650 998 695 ‚,quos⁶)
1024 650 1201 696 praescivit
1218 651 1325 690 Deus,

186 712 265 745 illos
277 721 309 744 et
325 711 599 756 praedestinavit:
613 722 644 745 et
656 726 739 756 quos
755 712 1024 756 praedestinavit,
1039 712 1115 746 illos
1133 721 1164 745 et
1175 711 1211 755 ⁷)
1223 724 1322 744 voca-

186 772 250 806 vit:
269 782 302 806 et
317 786 401 817 quos
415 773 555 813 vocavit,
569 774 645 806 illos
669 784 700 806 et
716 773 936 818 justificavit.“
971 774 1132 818 Superest
1145 773 1246 806 nobis
1261 774 1322 806 ad-

186 835 253 868 huc
277 834 368 868 illius
393 835 597 879 quaestionis
623 835 811 875 absolutio,
837 836 1014 880 quomodo
1039 849 1147 880 „quos
1159 834 1196 879 ⁸)
1220 848 1320 868 voea-

185 895 249 936 vit,
279 897 357 930 illos
389 906 421 929 et
449 896 677 942 justificavit,“
713 911 790 930 cum
815 899 1002 930 secundum
1029 910 1083 936 ea,
1110 910 1196 941 quae
1220 909 1323 940 supra

187 957 349 998 diximus,
391 968 521 991 constet
552 959 727 1002 mult0s9)
764 971 834 991 esse
865 969 1018 999 vocatos,
1049 972 1176 1004 paucos
1208 967 1321 990 autem

187 1020 323 1053 electos.
369 1020 438 1053 Sed
462 1019 595 1051 videtur
617 1019 701 1052 mihi
726 1033 796 1053 csse
820 1021 986 1064 quaedam
1010 1019 1196 1053 vocationis
1221 1019 1320 1053 diffe-

185 1081 304 1121 rentia,
328 1081 516 1115 secundum
547 1080 651 1120 illud,
677 1082 771 1124 quod
794 1080 829 1113 in
853 1081 1020 1126 superiori
1045 1081 1195 1126 capitulo
1216 1094 1321 1126 expo-

184 1143 322 1183 suimus,
343 1142 421 1187 quia
439 1156 555 1175 omnes
575 1142 713 1187 quidem
733 1142 842 1175 vocati
856 1152 945 1184 sunt,
968 1157 1039 1176 non
1063 1152 1177 1175 tamen
1202 1155 1320 1176 omnes

184 1204 464 1248 ‚‚secundum¹⁰)
503 1203 741 1248 propositum“
776 1204 885 1237 vocati
923 1214 1010 1238 sunt.
1062 1205 1151 1238 Nam
1176 1204 1227 1245 hi,
1261 1204 1319 1249 qui

183 1269 371 1301 secundum
387 1266 601 1311 propositum
619 1266 762 1305 bonum,
788 1276 819 1299 et
832 1267 960 1299 bonam
975 1266 1196 1307 voluntatem,
1216 1280 1318 1311 quam

184 1329 270 1362 circa
303 1328 371 1361 Dei
403 1329 530 1360 cultum
561 1337 698 1369 gerunt,
722 1337 904 1367 vocantur,
939 1327 1003 1372 ipsi
1034 1337 1130 1369 sunt,
1162 1327 1220 1372 qui
1244 1341 1316 1367 „se-

183 1390 408 1434 cundum¹¹)
439 1389 676 1434 propositum“
705 1389 815 1423 vocati
854 1388 1029 1422 dicuntur:
1073 1398 1105 1422 et
1137 1388 1191 1423 isti
1228 1399 1317 1430 sunt,

185 1452 314 1497 qui¹²)
344 1450 454 1484 vocati
483 1450 717 1497 justificantur.
770 1450 873 1484 Bono
899 1449 989 1484 enim
1014 1463 1133 1484 eorum
1156 1451 1316 1497 proposi-

278 1619 313 1665 ¹)
337 1619 427 1653 Edd.
451 1618 605 1652 Mcrlini:
631 1618 783 1664 posuisse
805 1631 998 1651 sermonem
1023 1617 1258 1660 cognoscendi.

275 1676 313 1718 ²)
336 1675 426 1708 Edd.
459 1674 615 1708 Merlini:
644 1676 834 1709 secundum
860 1676 960 1708 etiam
983 1674 1088 1715 illud,
1113 1675 1207 1719 quod
1231 1673 1312 1707 scri-

178 1731 277 1768 ptum
302 1731 360 1754 est.

270 1778 312 1822 ³)
336 1777 367 1808 ΙΙ
393 1775 481 1810 Tim.
505 1777 547 1817 II,
572 1777 623 1813 19.
650 1777 728 1810 coll.
752 1777 855 1810 Num.
876 1775 969 1816 XVI,
993 1776 1024 1810 5.

272 1833 309 1879 ⁴)
333 1833 422 1867 Edd.
446 1832 601 1866 Merlini:
626 1832 807 1866 Dominus.

273 1891 308 1935 ⁵)
333 1888 426 1921 Editi
449 1889 495 1933 (v.
522 1901 548 1921 c.
575 1890 652 1922 edd.
675 1889 755 1933 NL),
779 1898 811 1922 et
830 1889 915 1922 Msc.
941 1899 1042 1920 unus:
1069 1887 1159 1927 „Sed
1184 1899 1311 1930 cogno-

180 1937 261 1971 visse
286 1949 343 1970 eos
366 1933 510 1966 dieitur“
535 1943 593 1968 etc.
618 1935 658 1967 R.
975 1975 981 1981 ε

271 1992 308 2037 ⁵)
332 1992 433 2024 Rom.
456 1991 556 2030 VIII,
588 1990 642 2024 29.
675 1991 730 2025 30.
766 2009 807 2015 —-
832 1989 921 2023 Edd.
945 1989 994 2022 M.
1019 1998 1051 2021 et
1074 1989 1116 2021 R.
1141 1989 1206 2022 hoc
1230 1989 1308 2022 loco

182 2049 211 2073 et
233 2051 301 2083 seq.
325 2045 535 2070 constanter:
557 2035 645 2069 illos.

272 2094 310 2139 7)
334 2094 441 2126 Deest
464 2096 540 2132 ‚aet“
563 2092 598 2124 in
625 2091 702 2124 edd.
723 2091 774 2124 Μ.
868 2090 905 2134 ⁸)
928 2091 1029 2123 Rom.
1052 2089 1143 2129 VIII,
1165 2090 1220 2124 30.

269 2151 307 2195 ⁹)
332 2149 452 2183 Matth.
476 2149 555 2187 XX,
580 2148 630 2183 16.
726 2146 784 2191 ¹⁰)
811 2146 879 2180 Cfr.
902 2147 1003 2181 Rom.
1027 2146 1119 2187 VIII,
1141 2145 1195 2181 28.

247 2207 306 2251 ¹¹)
333 2206 386 2240 Cf.
407 2206 507 2239 Rom.
531 2203 624 2245 VIII,
646 2203 701 2238 28.

250 2262 307 2307 ¹²)
331 2261 420 2297 Edd.
446 2259 600 2314 Merlini:
627 2259 684 2305 qui
708 2259 816 2293 vocati
840 2257 1010 2306 justificati
1035 2266 1122 2292 sunt.
