1377 2454
329 71 683 106 COMMENTARIORUM
705 69 777 104 Lm.
808 69 865 102 VI.
1131 68 1174 104 73

49 163 105 208 qui
129 164 171 196 de
192 161 323 202 ancilla,
348 162 532 195 secundum
549 173 683 193 carnem
705 169 802 193 natus
828 168 891 192 est:
919 157 976 203 qui
1001 168 1113 192 autem
1135 172 1173 192 ex

47 225 161 264 libera,
185 237 246 268 per
269 223 573 268 repromissionem.
619 222 664 254 Et
687 221 772 254 sicut
796 230 876 253 tunc
901 220 945 260 is,
972 221 1030 265 qui
1053 234 1172 254 secun-

49 287 129 319 dum
154 299 288 318 carnem
312 294 408 318 natus
424 293 480 324 est,
504 284 770 328 persequebatur
794 296 881 321 eum,
907 282 963 326 qui
987 283 1174 315 secundum

48 346 210 391 spiritum,
234 346 278 379 ita
304 356 335 379 ct
359 349 480 379 nunc.“
521 345 659 378 Certum
684 354 731 377 est
757 344 857 385 enim,
884 343 1009 388 quia')
1032 344 1092 384 illi,
1117 343 1175 388 qui

49 409 233 441 secundum
261 421 394 441 carnem
419 416 496 440 sunt
518 406 649 446 Judaei,
673 415 925 451 persequuntur
936 419 1010 445 nos,
1036 405 1093 450 qui
1118 420 1174 437 su-

47 483 122 503 mus
147 483 218 502 nou
247 470 281 502 in
314 469 506 508 manifesto,
539 469 597 501 sed
621 468 655 500 in
681 468 815 500 occulto
841 467 979 506 Judaei,
1012 476 1044 499 et
1067 467 1175 508 legem

49 532 233 563 secundum
269 531 438 575 spiritum,
477 543 547 562 non
572 530 758 562 secundum
796 542 930 561 carnem
957 528 1175 561 custodimus.

48 592 103 624 Illi
141 605 228 634 ergo,
265 591 322 637 qui
358 593 543 625 secundum
569 604 702 624 carnem
737 590 887 636 sapiunt,
930 599 1176 634 consequenter

50 653 147 686 ctiam
175 652 448 697 reprohlissiones
482 653 561 695 legis
591 652 769 685 carnaliter
799 661 944 696 sperant.
998 652 1070 684 Nos
1094 665 1174 683 vero

51 727 103 747 eas
126 714 343 758 spiritualiter
374 724 600 759 exspectamus
634 715 820 747 secundum
853 726 1045 746 sermonem
1077 712 1176 745 Pauli

50 775 206 808 dicentis:
242 775 347 819 ‚,ut²)
378 776 656 820 repromissiones
688 775 832 820 Spiritus
865 774 1112 819 accipiamus·,“
1145 783 1177 807 et

48 836 186 869 iterum:
209 838 475 881 „benedictus³)
498 838 593 870 Deus
618 846 650 870 et
673 837 774 870 Pater
798 836 941 869 Domini
965 835 1072 869 nostri
1096 836 1177 868 Jesu

50 898 181 938 Christi,
207 898 264 942 qui
288 899 457 932 benedixit
480 913 542 932 nos
567 899 601 931 in
628 899 721 932 omni
753 897 991 930 benedictione
1012 896 1178 942 spirituali

48 959 83 991 in
107 960 306 992 coelestibus
330 960 362 993 in
391 960 556 993 Christo.“
600 954 651 993 Ex
678 959 799 1005 quibus
824 959 999 999 omnibus,
1037 968 1068 991 et
1092 972 1178 1003 quae

49 1020 91 1054 sit
114 1021 164 1053 lex
189 1023 373 1054 secundum
400 1035 545 1061 earnem,
571 1031 603 1054 et
624 1035 709 1066 quae
727 1022 913 1054 secundum
937 1020 1102 1065 spiritum,
1126 1021 1178 1053 vel

52 1095 137 1126 quae
162 1096 234 1126 spes
259 1083 527 1126 repromissionis
552 1082 711 1123 carnalis,
743 1083 794 1115 vel
808 1082 844 1126 ¹²)
880 1096 965 1126 quae
989 1081 1179 1125 spiritualis,

52 1144 249 1176 ostenditur.
306 1144 421 1175 Potest
455 1153 486 1176 et
519 1145 705 1176 secundum
733 1143 832 1176 aliam
859 1143 1119 1188 expositionem,
1153 1143 1179 1176 si

51 1214 240 1248 repetamus
276 1206 317 1237 ab
346 1204 460 1237 initio:
494 1206 659 1250 ,‚quod⁵)
690 1205 898 1250 impossibile
931 1214 1001 1237 erat
1034 1205 1115 1245 legi,
1146 1205 1181 1237 in

52 1279 120 1309 quo
145 1265 380 1298 infirmabatur
404 1280 466 1310 per
490 1270 663 1299 carnem:“
698 1276 730 1299 et
764 1268 805 1299 de
840 1267 911 1308 lege
934 1265 1055 1298 mentis
1080 1266 1180 1299 intel-

50 1325 116 1368 ligi,
142 1340 241 1370 quam
266 1340 366 1371 supra
393 1327 474 1360 dixit
497 1328 581 1360 velle
617 1329 728 1361 facere
752 1329 893 1367 bonum,
919 1328 976 1360 sed
1000 1341 1062 1371 per
1084 1327 1181 1360 insir-

50 1387 199 1420 mitatem
225 1398 257 1420 et
280 1388 489 1430 fragilitatem
516 1389 623 1421 carnis
648 1389 789 1433 implere
813 1403 884 1422 non
908 1402 1018 1433 posse,
1043 1398 1075 1421 et
1098 1403 1180 1433 pro-

50 1458 162 1493 pterea
187 1449 313 1482 misisse
336 1450 449 1489 Deum
475 1450 601 1483 Filium
631 1465 730 1483 suum
761 1450 796 1483 in
827 1450 1083 1483 similitudinem
1108 1464 1181 1483 car-

51 1510 102 1543 nis
125 1511 263 1555 peccati,
289 1521 320 1543 et
344 1512 385 1544 de
409 1521 558 1556 peccato,
584 1513 649 1545 hoc
675 1522 731 1552 est,
756 1525 818 1557 per
841 1512 985 1545 hostiam
1012 1526 1075 1556 pro
1101 1525 1180 1556 pec-

52 1581 126 1604 cato
160 1573 324 1612 oblatam,
358 1574 531 1606 damnasse
555 1583 742 1618 peccatum.
789 1574 878 1606 Data
892 1574 927 1618 ⁶)
961 1573 1050 1606 enim
1081 1573 1181 1606 nobis

52 1633 247 1666 remissione
276 1644 492 1678 peccatorum
524 1636 676 1677 fugatum
708 1645 756 1668 est
788 1644 819 1668 et
850 1635 1107 1668 exterminatum
1140 1637 1183 1668 de

53 1708 150 1727 carne
174 1705 288 1728 nostra
311 1705 506 1740 peecatum,
537 1706 567 1728 et
600 1697 711 1741 coepit
735 1696 769 1728 in
794 1696 893 1729 nobis
917 1696 1107 1742 justificatio
1132 1697 1181 1730 le-

148 1801 182 1845 ¹)
206 1802 338 1834 Desunt
362 1802 395 1835 in
421 1803 515 1835 libris
540 1813 636 1836 antea
663 1802 758 1836 editis
777 1804 895 1836 verba:
923 1803 1023 1848 „quia
1047 1803 1181 1836 illi.‘¹R.

146 1857 180 1899 ²)
209 1858 317 1891 Galat.
342 1860 401 1898 III,
426 1862 476 1893 14.
572 1860 608 1904 3)
632 1860 755 1904 Eplies.
780 1860 806 1897 Ῑ,
829 1860 861 1893 3.

147 1912 183 1956 ¹²)
208 1914 453 1948 Desiderantur
482 1915 516 1948 in
548 1925 644 1948 antea
679 1914 774 1948 editis
806 1914 852 1959 (v.
884 1929 910 1949 c.
940 1915 974 1948 in
1003 1916 1080 1948 edd‚
1102 1915 1183 1960 M),

57 1966 87 1989 et
112 1956 144 1989 in
169 1959 322 2002 pluribus
346 1960 428 1994 Mss.
451 1962 566 1993 verba:
593 1961 665 2000 „vel
691 1973 777 2004 quae
801 1960 1011 2004 spiritualis.“
1035 1962 1076 1993 R.

150 2013 185 2056 ⁵)
208 2014 290 2047 Msc.
322 2029 424 2048 unus:
457 2016 727 2060 „impossibilitas
759 2016 854 2057 legis,
880 2015 913 2048 in
939 2030 1006 2060 quo
1032 2016 1182 2049 infirma-

56 2059 156 2090 batur
178 2072 238 2101 per
270 2073 417 2101 carnem,
453 2062 494 2093 de
526 2062 597 2103 lege
626 2062 859 2093 membrorum
893 2061 1050 2104 intelligi,
1082 2075 1184 2106 quam

56 2116 155 2147 supra
181 2103 344 2136 diximus“
369 2114 428 2138 etc.
453 2107 493 2138 R.
519 2126 560 2131 -
588 2106 658 2139 Csr.
682 2107 783 2139 Rom.
806 2106 898 2146 VlIl,
924 2108 955 2140 3.

149 2159 185 2202 ⁶)
208 2159 292 2191 Mse.
316 2173 420 2193 unus:
445 2161 575 2200 „Tanta
602 2161 690 2194 enim
716 2161 816 2194 nobis
842 2161 1069 2195 remissione.“
1092 2161 1185 2194 Editi

57 2204 103 2254 (y.
129 2218 153 2236 c.
180 2205 254 2236 edd.
282 2204 365 2248 M.):
391 2206 520 2243 „Tanta
549 2207 637 2239 enim
665 2207 882 2241 1·emissione“
908 2207 980 2251 (ed.
1005 2208 1044 2240 R.
1069 2206 1105 2240 in
1122 2220 1186 2239 no-

32 2294 34 2297 ·
58 2258 97 2281 tis
122 2250 237 2282 affert:
264 2252 577 2296 repromissione).
602 2253 644 2286 R.
