<?xml version="1.0" encoding="UTF-8"?>
<!DOCTYPE html PUBLIC "-//W3C//DTD XHTML 1.0 Transitional//EN"
    "http://www.w3.org/TR/xhtml1/DTD/xhtml1-transitional.dtd">
<html xmlns="http://www.w3.org/1999/xhtml" xml:lang="en" lang="en">
 <head>
  <title>
</title>
<meta http-equiv="Content-Type" content="text/html;charset=utf-8" />
  <meta name='ocr-system' content='tesseract 3.04.00' />
  <meta name='ocr-capabilities' content='ocr_page ocr_carea ocr_par ocr_line ocrx_word'/>
</head>
<body>
  <div class='ocr_page' id='page_1' title='image "./operaomniaquaegr07orig_0037.png"; bbox 0 0 1377 2454; ppageno 0'>
   <div class='ocr_carea' id='block_1_1' title="bbox 323 101 1155 139">
    <p class='ocr_par' dir='ltr' id='par_1_1' title="bbox 323 101 1155 139">
     <span class='ocr_line' id='line_1_1' title="bbox 323 101 1155 139; baseline -0.002 -4"><span class='ocrx_word' id='word_1_1' title='bbox 323 101 680 136; x_wconf 77' lang='lat' dir='ltr'>COMMENTARIORUM</span> <span class='ocrx_word' id='word_1_2' title='bbox 704 101 776 136; x_wconf 83' lang='lat' dir='ltr'><strong>Lm.</strong></span> <span class='ocrx_word' id='word_1_3' title='bbox 804 101 860 136; x_wconf 87' lang='lat' dir='ltr'><strong>VI.</strong></span> <span class='ocrx_word' id='word_1_4' title='bbox 1110 104 1155 139; x_wconf 83' lang='lat'><strong>19</strong></span> 
     </span>
    </p>
   </div>
   <div class='ocr_carea' id='block_1_2' title="bbox 11 188 1157 1530">
    <p class='ocr_par' dir='ltr' id='par_1_2' title="bbox 11 188 1157 1530">
     <span class='ocr_line' id='line_1_2' title="bbox 15 188 1154 237; baseline -0.002 -10"><span class='ocrx_word' id='word_1_5' title='bbox 15 188 78 227; x_wconf 63' lang='lat' dir='ltr'><strong>sub</strong></span> <span class='ocrx_word' id='word_1_6' title='bbox 101 201 258 237; x_wconf 77' lang='lat' dir='ltr'><strong>peccam,</strong></span> <span class='ocrx_word' id='word_1_7' title='bbox 291 192 368 237; x_wconf 82' lang='lat' dir='ltr'><strong>quia</strong></span> <span class='ocrx_word' id='word_1_8' title='bbox 399 192 545 237; x_wconf 78' lang='lat' dir='ltr'><strong>„finis¹)</strong></span> <span class='ocrx_word' id='word_1_9' title='bbox 576 191 716 225; x_wconf 82' lang='lat' dir='ltr'><strong>illorum</strong></span> <span class='ocrx_word' id='word_1_10' title='bbox 747 205 840 225; x_wconf 88' lang='lat' dir='ltr'><strong>mors</strong></span> <span class='ocrx_word' id='word_1_11' title='bbox 873 195 952 224; x_wconf 88' lang='lat' dir='ltr'><strong>est.“</strong></span> <span class='ocrx_word' id='word_1_12' title='bbox 1007 192 1076 225; x_wconf 82' lang='lat' dir='ltr'><strong>Sed</strong></span> <span class='ocrx_word' id='word_1_13' title='bbox 1101 205 1154 225; x_wconf 89' lang='lat' dir='ltr'><strong>re-</strong></span> 
     </span>
     <span class='ocr_line' id='line_1_3' title="bbox 16 252 1154 300; baseline -0.001 -13"><span class='ocrx_word' id='word_1_14' title='bbox 16 254 125 300; x_wconf 85' lang='lat' dir='ltr'><strong>quiro,</strong></span> <span class='ocrx_word' id='word_1_15' title='bbox 150 267 236 298; x_wconf 75' lang='lat' dir='ltr'><strong>quae</strong></span> <span class='ocrx_word' id='word_1_16' title='bbox 259 254 376 288; x_wconf 80' lang='lat' dir='ltr'><strong>mors?</strong></span> <span class='ocrx_word' id='word_1_17' title='bbox 403 254 542 287; x_wconf 84' lang='lat' dir='ltr'><strong>Certum</strong></span> <span class='ocrx_word' id='word_1_18' title='bbox 568 263 628 295; x_wconf 86' lang='lat' dir='ltr'><strong>est,</strong></span> <span class='ocrx_word' id='word_1_19' title='bbox 653 253 730 298; x_wconf 80' lang='lat' dir='ltr'><strong>quia</strong></span> <span class='ocrx_word' id='word_1_20' title='bbox 747 253 784 297; x_wconf 70' lang='grc'><strong>2)</strong></span> <span class='ocrx_word' id='word_1_21' title='bbox 815 266 887 286; x_wconf 85' lang='lat' dir='ltr'><strong>non</strong></span> <span class='ocrx_word' id='word_1_22' title='bbox 909 252 969 286; x_wconf 80' lang='lat' dir='ltr'>ista</span> <span class='ocrx_word' id='word_1_23' title='bbox 997 266 1154 286; x_wconf 89' lang='lat' dir='ltr'><strong>commu-</strong></span> 
     </span>
     <span class='ocr_line' id='line_1_4' title="bbox 14 314 1154 361; baseline -0.001 -13"><span class='ocrx_word' id='word_1_24' title='bbox 14 315 75 350; x_wconf 87' lang='lat' dir='ltr'><strong>nis.</strong></span> <span class='ocrx_word' id='word_1_25' title='bbox 120 316 201 348; x_wconf 91' lang='lat' dir='ltr'><strong>Non</strong></span> <span class='ocrx_word' id='word_1_26' title='bbox 230 315 320 348; x_wconf 81' lang='lat' dir='ltr'><strong>enim</strong></span> <span class='ocrx_word' id='word_1_27' title='bbox 356 315 428 361; x_wconf 86' lang='lat' dir='ltr'><strong>quis</strong></span> <span class='ocrx_word' id='word_1_28' title='bbox 457 325 535 361; x_wconf 85' lang='lat' dir='ltr'><strong>post</strong></span> <span class='ocrx_word' id='word_1_29' title='bbox 567 325 713 348; x_wconf 85' lang='lat' dir='ltr'><strong>mortem</strong></span> <span class='ocrx_word' id='word_1_30' title='bbox 748 314 957 348; x_wconf 85' lang='lat' dir='ltr'><strong>convertitur</strong></span> <span class='ocrx_word' id='word_1_31' title='bbox 990 315 1033 347; x_wconf 78' lang='lat' dir='ltr'><strong>ad</strong></span> <span class='ocrx_word' id='word_1_32' title='bbox 1058 314 1154 361; x_wconf 83' lang='lat' dir='ltr'><strong>justi-</strong></span> 
     </span>
     <span class='ocr_line' id='line_1_5' title="bbox 13 376 1153 422; baseline -0.001 -12"><span class='ocrx_word' id='word_1_33' title='bbox 13 377 104 417; x_wconf 76' lang='lat' dir='ltr'>tiam,</span> <span class='ocrx_word' id='word_1_34' title='bbox 129 377 180 409; x_wconf 83' lang='lat' dir='ltr'><strong>vel</strong></span> <span class='ocrx_word' id='word_1_35' title='bbox 204 390 267 422; x_wconf 83' lang='lat' dir='ltr'><strong>pro</strong></span> <span class='ocrx_word' id='word_1_36' title='bbox 292 378 381 410; x_wconf 80' lang='lat' dir='ltr'><strong>male</strong></span> <span class='ocrx_word' id='word_1_37' title='bbox 405 378 500 420; x_wconf 83' lang='lat' dir='ltr'><strong>gestis</strong></span> <span class='ocrx_word' id='word_1_38' title='bbox 523 377 710 422; x_wconf 81' lang='lat' dir='ltr'><strong>praeteritis</strong></span> <span class='ocrx_word' id='word_1_39' title='bbox 737 376 912 410; x_wconf 87' lang='lat' dir='ltr'><strong>erubescit.</strong></span> <span class='ocrx_word' id='word_1_40' title='bbox 953 376 1047 420; x_wconf 86' lang='lat' dir='ltr'><strong>Quid</strong></span> <span class='ocrx_word' id='word_1_41' title='bbox 1074 390 1153 419; x_wconf 80' lang='lat' dir='ltr'><strong>ergo</strong></span> 
     </span>
     <span class='ocr_line' id='line_1_6' title="bbox 15 438 1154 484; baseline -0.001 -13"><span class='ocrx_word' id='word_1_42' title='bbox 15 438 86 471; x_wconf 85' lang='lat' dir='ltr'><strong>est?</strong></span> <span class='ocrx_word' id='word_1_43' title='bbox 111 438 204 471; x_wconf 91' lang='lat' dir='ltr'><strong>Num</strong></span> <span class='ocrx_word' id='word_1_44' title='bbox 229 438 390 483; x_wconf 79' lang='lat' dir='ltr'><strong>quidnam</strong></span> <span class='ocrx_word' id='word_1_45' title='bbox 414 439 544 484; x_wconf 75' lang='lat' dir='ltr'><strong>peccati</strong></span> <span class='ocrx_word' id='word_1_46' title='bbox 558 439 595 484; x_wconf 78' lang='grc'><strong>3)</strong></span> <span class='ocrx_word' id='word_1_47' title='bbox 609 449 756 471; x_wconf 88' lang='lat' dir='ltr'><strong>mortem</strong></span> <span class='ocrx_word' id='word_1_48' title='bbox 773 438 884 471; x_wconf 88' lang='lat' dir='ltr'><strong>dicere</strong></span> <span class='ocrx_word' id='word_1_49' title='bbox 897 438 1040 478; x_wconf 77' lang='lat' dir='ltr'><strong>videtur,</strong></span> <span class='ocrx_word' id='word_1_50' title='bbox 1067 452 1154 484; x_wconf 85' lang='lat' dir='ltr'><strong>quo-</strong></span> 
     </span>
     <span class='ocr_line' id='line_1_7' title="bbox 14 499 1154 546; baseline 0.002 -15"><span class='ocrx_word' id='word_1_51' title='bbox 14 499 106 532; x_wconf 80' lang='lat' dir='ltr'><strong>niam</strong></span> <span class='ocrx_word' id='word_1_52' title='bbox 130 500 273 541; x_wconf 79' lang='lat' dir='ltr'><strong>„anima,</strong></span> <span class='ocrx_word' id='word_1_53' title='bbox 299 514 385 546; x_wconf 81' lang='lat' dir='ltr'><strong>quae</strong></span> <span class='ocrx_word' id='word_1_54' title='bbox 408 510 533 545; x_wconf 81' lang='lat' dir='ltr'><strong>peccat,</strong></span> <span class='ocrx_word' id='word_1_55' title='bbox 558 500 629 545; x_wconf 82' lang='lat' dir='ltr'>ipsa</span> <span class='ocrx_word' id='word_1_56' title='bbox 654 500 864 533; x_wconf 84' lang='lat' dir='ltr'><strong>morietur?“</strong></span> <span class='ocrx_word' id='word_1_57' title='bbox 890 501 944 532; x_wconf 92' lang='lat' dir='ltr'><strong>An</strong></span> <span class='ocrx_word' id='word_1_58' title='bbox 969 500 1056 532; x_wconf 88' lang='lat' dir='ltr'>illud</span> <span class='ocrx_word' id='word_1_59' title='bbox 1081 514 1154 534; x_wconf 78' lang='lat' dir='ltr'><strong>ma—</strong></span> 
     </span>
     <span class='ocr_line' id='line_1_8' title="bbox 14 561 1155 607; baseline 0.002 -14"><span class='ocrx_word' id='word_1_60' title='bbox 14 561 62 604; x_wconf 86' lang='lat' dir='ltr'><strong>gis</strong></span> <span class='ocrx_word' id='word_1_61' title='bbox 85 571 196 606; x_wconf 73' lang='lat' dir='ltr'><strong>potest</strong></span> <span class='ocrx_word' id='word_1_62' title='bbox 219 562 368 604; x_wconf 76' lang='lat' dir='ltr'>intelligi,</span> <span class='ocrx_word' id='word_1_63' title='bbox 396 563 489 607; x_wconf 88' lang='lat' dir='ltr'><strong>quod</strong></span> <span class='ocrx_word' id='word_1_64' title='bbox 512 562 608 595; x_wconf 82' lang='lat' dir='ltr'><strong>istam</strong></span> <span class='ocrx_word' id='word_1_65' title='bbox 636 572 781 595; x_wconf 78' lang='lat' dir='ltr'><strong>mortem</strong></span> <span class='ocrx_word' id='word_1_66' title='bbox 814 561 960 605; x_wconf 71' lang='lat' dir='ltr'><strong>‹licat,4)</strong></span> <span class='ocrx_word' id='word_1_67' title='bbox 986 575 1051 606; x_wconf 83' lang='lat' dir='ltr'><strong>qua</strong></span> <span class='ocrx_word' id='word_1_68' title='bbox 1077 575 1155 595; x_wconf 91' lang='lat' dir='ltr'><strong>cum</strong></span> 
     </span>
     <span class='ocr_line' id='line_1_9' title="bbox 17 622 1154 668; baseline 0 -12"><span class='ocrx_word' id='word_1_69' title='bbox 17 622 152 656; x_wconf 85' lang='lat' dir='ltr'><strong>Christo</strong></span> <span class='ocrx_word' id='word_1_70' title='bbox 175 634 315 668; x_wconf 79' lang='lat' dir='ltr'><strong>peccato</strong></span> <span class='ocrx_word' id='word_1_71' title='bbox 340 624 527 663; x_wconf 77' lang='lat' dir='ltr'>morimur,</span> <span class='ocrx_word' id='word_1_72' title='bbox 548 633 580 657; x_wconf 83' lang='lat' dir='ltr'><strong>et</strong></span> <span class='ocrx_word' id='word_1_73' title='bbox 603 624 689 657; x_wconf 81' lang='lat' dir='ltr'>vitiis</span> <span class='ocrx_word' id='word_1_74' title='bbox 706 638 743 656; x_wconf 78' lang='lat' dir='ltr'><strong>ac</strong></span> <span class='ocrx_word' id='word_1_75' title='bbox 765 623 948 656; x_wconf 78' lang='lat' dir='ltr'>sceleribus</span> <span class='ocrx_word' id='word_1_76' title='bbox 965 624 1068 656; x_wconf 75' lang='lat' dir='ltr'><strong>finem</strong></span> <span class='ocrx_word' id='word_1_77' title='bbox 1094 625 1154 656; x_wconf 77' lang='lat' dir='ltr'><strong>da-</strong></span> 
     </span>
     <span class='ocr_line' id='line_1_10' title="bbox 14 685 1154 730; baseline 0.001 -14"><span class='ocrx_word' id='word_1_78' title='bbox 14 697 99 724; x_wconf 84' lang='lat' dir='ltr'><strong>mus,</strong></span> <span class='ocrx_word' id='word_1_79' title='bbox 123 694 160 717; x_wconf 89' lang='lat' dir='ltr'><strong>ut</strong></span> <span class='ocrx_word' id='word_1_80' title='bbox 174 685 208 729; x_wconf 82' lang='lat'><strong>⁵)</strong></span> <span class='ocrx_word' id='word_1_81' title='bbox 232 695 375 730; x_wconf 86' lang='lat' dir='ltr'><strong>propter</strong></span> <span class='ocrx_word' id='word_1_82' title='bbox 406 687 472 718; x_wconf 88' lang='lat' dir='ltr'><strong>hoc</strong></span> <span class='ocrx_word' id='word_1_83' title='bbox 503 685 622 719; x_wconf 80' lang='lat' dir='ltr'>dixisse</span> <span class='ocrx_word' id='word_1_84' title='bbox 647 685 809 725; x_wconf 74' lang='lat' dir='ltr'><strong>videatur,</strong></span> <span class='ocrx_word' id='word_1_85' title='bbox 842 685 920 729; x_wconf 79' lang='lat' dir='ltr'><strong>quia</strong></span> <span class='ocrx_word' id='word_1_86' title='bbox 953 685 1050 725; x_wconf 82' lang='lat' dir='ltr'><strong>„finis</strong></span> <span class='ocrx_word' id='word_1_87' title='bbox 1075 685 1154 718; x_wconf 83' lang='lat' dir='ltr'><strong>illo-</strong></span> 
     </span>
     <span class='ocr_line' id='line_1_11' title="bbox 14 746 1155 792; baseline 0.001 -14"><span class='ocrx_word' id='word_1_88' title='bbox 14 758 91 778; x_wconf 84' lang='lat' dir='ltr'><strong>rum</strong></span> <span class='ocrx_word' id='word_1_89' title='bbox 113 758 207 779; x_wconf 87' lang='lat' dir='ltr'><strong>mors</strong></span> <span class='ocrx_word' id='word_1_90' title='bbox 240 746 335 780; x_wconf 82' lang='lat' dir='ltr'><strong>est?“</strong></span> <span class='ocrx_word' id='word_1_91' title='bbox 367 748 488 788; x_wconf 84' lang='lat' dir='ltr'><strong>„Nune</strong></span> <span class='ocrx_word' id='word_1_92' title='bbox 501 748 537 792; x_wconf 75' lang='grc' dir='ltr'><strong>ὃ)</strong></span> <span class='ocrx_word' id='word_1_93' title='bbox 571 761 652 780; x_wconf 82' lang='lat' dir='ltr'><strong>vero</strong></span> <span class='ocrx_word' id='word_1_94' title='bbox 685 746 819 779; x_wconf 81' lang='lat' dir='ltr'><strong>liberati</strong></span> <span class='ocrx_word' id='word_1_95' title='bbox 844 759 861 778; x_wconf 81' lang='lat' dir='ltr'>a</span> <span class='ocrx_word' id='word_1_96' title='bbox 886 756 1045 791; x_wconf 84' lang='lat' dir='ltr'><strong>peccato,</strong></span> <span class='ocrx_word' id='word_1_97' title='bbox 1069 746 1155 779; x_wconf 88' lang='lat' dir='ltr'><strong>servi</strong></span> 
     </span>
     <span class='ocr_line' id='line_1_12' title="bbox 14 807 1155 849; baseline 0.001 -10"><span class='ocrx_word' id='word_1_98' title='bbox 14 817 126 840; x_wconf 83' lang='lat' dir='ltr'><strong>autem</strong></span> <span class='ocrx_word' id='word_1_99' title='bbox 150 808 229 840; x_wconf 79' lang='lat' dir='ltr'>sacti</span> <span class='ocrx_word' id='word_1_100' title='bbox 255 809 343 849; x_wconf 87' lang='lat' dir='ltr'><strong>Deo,</strong></span> <span class='ocrx_word' id='word_1_101' title='bbox 369 808 497 841; x_wconf 71' lang='lat' dir='ltr'><strong>habetis</strong></span> <span class='ocrx_word' id='word_1_102' title='bbox 514 810 662 841; x_wconf 84' lang='lat' dir='ltr'><strong>fructum</strong></span> <span class='ocrx_word' id='word_1_103' title='bbox 684 818 831 841; x_wconf 83' lang='lat' dir='ltr'><strong>vestrum</strong></span> <span class='ocrx_word' id='word_1_104' title='bbox 855 808 891 841; x_wconf 90' lang='lat' dir='ltr'><strong>in</strong></span> <span class='ocrx_word' id='word_1_105' title='bbox 916 807 1155 841; x_wconf 75' lang='lat' dir='ltr'><strong>sanctificatio-</strong></span> 
     </span>
     <span class='ocr_line' id='line_1_13' title="bbox 13 869 1156 909; baseline 0.003 -9"><span class='ocrx_word' id='word_1_106' title='bbox 13 881 103 909; x_wconf 87' lang='lat' dir='ltr'>nem,</span> <span class='ocrx_word' id='word_1_107' title='bbox 122 869 226 902; x_wconf 84' lang='lat' dir='ltr'><strong>finem</strong></span> <span class='ocrx_word' id='word_1_108' title='bbox 248 883 328 903; x_wconf 82' lang='lat' dir='ltr'><strong>vero</strong></span> <span class='ocrx_word' id='word_1_109' title='bbox 342 870 443 903; x_wconf 80' lang='lat' dir='ltr'><strong>vitam</strong></span> <span class='ocrx_word' id='word_1_110' title='bbox 460 875 664 903; x_wconf 80' lang='lat' dir='ltr'><strong>aeternam.“</strong></span> <span class='ocrx_word' id='word_1_111' title='bbox 701 871 848 903; x_wconf 81' lang='lat' dir='ltr'><strong>Fructus</strong></span> <span class='ocrx_word' id='word_1_112' title='bbox 867 869 1034 902; x_wconf 82' lang='lat' dir='ltr'><strong>fructibus</strong></span> <span class='ocrx_word' id='word_1_113' title='bbox 1061 883 1156 903; x_wconf 91' lang='lat' dir='ltr'><strong>com-</strong></span> 
     </span>
     <span class='ocr_line' id='line_1_14' title="bbox 11 931 1154 977; baseline 0.001 -14"><span class='ocrx_word' id='word_1_114' title='bbox 11 940 124 975; x_wconf 81' lang='lat' dir='ltr'><strong>parat:</strong></span> <span class='ocrx_word' id='word_1_115' title='bbox 150 940 182 964; x_wconf 87' lang='lat' dir='ltr'><strong>et</strong></span> <span class='ocrx_word' id='word_1_116' title='bbox 204 931 333 976; x_wconf 84' lang='lat' dir='ltr'><strong>peccati</strong></span> <span class='ocrx_word' id='word_1_117' title='bbox 358 932 496 977; x_wconf 86' lang='lat' dir='ltr'><strong>quidem</strong></span> <span class='ocrx_word' id='word_1_118' title='bbox 519 933 666 972; x_wconf 79' lang='lat' dir='ltr'><strong>fructus,</strong></span> <span class='ocrx_word' id='word_1_119' title='bbox 696 945 761 977; x_wconf 85' lang='lat' dir='ltr'><strong>pro</strong></span> <span class='ocrx_word' id='word_1_120' title='bbox 796 932 919 976; x_wconf 89' lang='lat' dir='ltr'><strong>quibus</strong></span> <span class='ocrx_word' id='word_1_121' title='bbox 954 945 1060 972; x_wconf 88' lang='lat' dir='ltr'><strong>nunc,</strong></span> <span class='ocrx_word' id='word_1_122' title='bbox 1088 932 1154 964; x_wconf 89' lang='lat' dir='ltr'><strong>hoc</strong></span> 
     </span>
     <span class='ocr_line' id='line_1_15' title="bbox 13 993 1155 1038; baseline 0.001 -13"><span class='ocrx_word' id='word_1_123' title='bbox 13 1001 71 1032; x_wconf 86' lang='lat' dir='ltr'><strong>est,</strong></span> <span class='ocrx_word' id='word_1_124' title='bbox 95 1001 213 1036; x_wconf 83' lang='lat' dir='ltr'><strong>postea</strong></span> <span class='ocrx_word' id='word_1_125' title='bbox 238 1006 337 1038; x_wconf 83' lang='lat' dir='ltr'><strong>quam</strong></span> <span class='ocrx_word' id='word_1_126' title='bbox 365 993 497 1026; x_wconf 83' lang='lat' dir='ltr'><strong>liberati</strong></span> <span class='ocrx_word' id='word_1_127' title='bbox 522 1008 541 1027; x_wconf 80' lang='lat' dir='ltr'>a</span> <span class='ocrx_word' id='word_1_128' title='bbox 565 1003 716 1038; x_wconf 77' lang='lat' dir='ltr'><strong>peccam,</strong></span> <span class='ocrx_word' id='word_1_129' title='bbox 743 1003 776 1026; x_wconf 87' lang='lat' dir='ltr'><strong>et</strong></span> <span class='ocrx_word' id='word_1_130' title='bbox 800 993 932 1037; x_wconf 84' lang='lat' dir='ltr'><strong>servi⁷)</strong></span> <span class='ocrx_word' id='word_1_131' title='bbox 958 993 1038 1025; x_wconf 80' lang='lat' dir='ltr'>facti</span> <span class='ocrx_word' id='word_1_132' title='bbox 1064 994 1155 1033; x_wconf 88' lang='lat' dir='ltr'><strong>Deo,</strong></span> 
     </span>
     <span class='ocr_line' id='line_1_16' title="bbox 14 1053 1154 1100; baseline 0.001 -14"><span class='ocrx_word' id='word_1_133' title='bbox 14 1053 119 1086; x_wconf 81' lang='lat' dir='ltr'><strong>saneti</strong></span> <span class='ocrx_word' id='word_1_134' title='bbox 145 1055 366 1096; x_wconf 85' lang='lat' dir='ltr'><strong>erubescunt,</strong></span> <span class='ocrx_word' id='word_1_135' title='bbox 396 1055 597 1100; x_wconf 84' lang='lat' dir='ltr'><strong>pronuntiat</strong></span> <span class='ocrx_word' id='word_1_136' title='bbox 626 1064 738 1088; x_wconf 85' lang='lat' dir='ltr'><strong>morte</strong></span> <span class='ocrx_word' id='word_1_137' title='bbox 770 1054 879 1087; x_wconf 86' lang='lat' dir='ltr'><strong>finiri:</strong></span> <span class='ocrx_word' id='word_1_138' title='bbox 911 1055 1040 1087; x_wconf 78' lang='lat' dir='ltr'><strong>fructus</strong></span> <span class='ocrx_word' id='word_1_139' title='bbox 1072 1068 1154 1087; x_wconf 74' lang='lat' dir='ltr'><strong>vero</strong></span> 
     </span>
     <span class='ocr_line' id='line_1_17' title="bbox 13 1113 1157 1161; baseline 0.001 -14"><span class='ocrx_word' id='word_1_140' title='bbox 13 1113 169 1161; x_wconf 80' lang='lat' dir='ltr'><strong>justitiae,</strong></span> <span class='ocrx_word' id='word_1_141' title='bbox 195 1115 253 1160; x_wconf 86' lang='lat' dir='ltr'><strong>qui</strong></span> <span class='ocrx_word' id='word_1_142' title='bbox 277 1125 356 1148; x_wconf 87' lang='lat' dir='ltr'><strong>sunt</strong></span> <span class='ocrx_word' id='word_1_143' title='bbox 379 1115 413 1148; x_wconf 80' lang='lat' dir='ltr'><strong>in</strong></span> <span class='ocrx_word' id='word_1_144' title='bbox 438 1117 753 1156; x_wconf 76' lang='lat' dir='ltr'><strong>sanctificationem,</strong></span> <span class='ocrx_word' id='word_1_145' title='bbox 778 1117 882 1148; x_wconf 86' lang='lat' dir='ltr'><strong>finem</strong></span> <span class='ocrx_word' id='word_1_146' title='bbox 900 1115 981 1148; x_wconf 85' lang='lat' dir='ltr'>dicit</span> <span class='ocrx_word' id='word_1_147' title='bbox 1005 1115 1157 1159; x_wconf 84' lang='lat' dir='ltr'><strong>accipere</strong></span> 
     </span>
     <span class='ocr_line' id='line_1_18' title="bbox 16 1175 1157 1223; baseline 0.001 -15"><span class='ocrx_word' id='word_1_148' title='bbox 16 1175 116 1208; x_wconf 79' lang='lat' dir='ltr'><strong>vitam</strong></span> <span class='ocrx_word' id='word_1_149' title='bbox 142 1186 321 1211; x_wconf 82' lang='lat' dir='ltr'><strong>aeternam.</strong></span> <span class='ocrx_word' id='word_1_150' title='bbox 370 1178 410 1210; x_wconf 89' lang='lat' dir='ltr'><strong>In</strong></span> <span class='ocrx_word' id='word_1_151' title='bbox 444 1190 512 1221; x_wconf 86' lang='lat' dir='ltr'><strong>quo</strong></span> <span class='ocrx_word' id='word_1_152' title='bbox 544 1178 631 1212; x_wconf 83' lang='lat' dir='ltr'><strong>illud</strong></span> <span class='ocrx_word' id='word_1_153' title='bbox 664 1178 777 1223; x_wconf 88' lang='lat' dir='ltr'><strong>primo</strong></span> <span class='ocrx_word' id='word_1_154' title='bbox 809 1191 882 1209; x_wconf 89' lang='lat' dir='ltr'><strong>non</strong></span> <span class='ocrx_word' id='word_1_155' title='bbox 914 1186 962 1210; x_wconf 84' lang='lat' dir='ltr'><strong>est</strong></span> <span class='ocrx_word' id='word_1_156' title='bbox 996 1177 1157 1210; x_wconf 84' lang='lat' dir='ltr'><strong>omitten-</strong></span> 
     </span>
     <span class='ocr_line' id='line_1_19' title="bbox 15 1238 1155 1284; baseline 0.001 -14"><span class='ocrx_word' id='word_1_157' title='bbox 15 1238 108 1277; x_wconf 88' lang='lat' dir='ltr'><strong>dum,</strong></span> <span class='ocrx_word' id='word_1_158' title='bbox 134 1239 227 1282; x_wconf 82' lang='lat' dir='ltr'><strong>quod</strong></span> <span class='ocrx_word' id='word_1_159' title='bbox 251 1240 380 1271; x_wconf 79' lang='lat' dir='ltr'><strong>fructus</strong></span> <span class='ocrx_word' id='word_1_160' title='bbox 406 1239 544 1283; x_wconf 82' lang='lat' dir='ltr'><strong>quidem</strong></span> <span class='ocrx_word' id='word_1_161' title='bbox 570 1252 642 1279; x_wconf 92' lang='lat' dir='ltr'><strong>eos,</strong></span> <span class='ocrx_word' id='word_1_162' title='bbox 673 1253 737 1284; x_wconf 91' lang='lat' dir='ltr'><strong>pro</strong></span> <span class='ocrx_word' id='word_1_163' title='bbox 764 1239 886 1283; x_wconf 86' lang='lat' dir='ltr'><strong>quibus</strong></span> <span class='ocrx_word' id='word_1_164' title='bbox 910 1252 1002 1271; x_wconf 90' lang='lat' dir='ltr'><strong>nune</strong></span> <span class='ocrx_word' id='word_1_165' title='bbox 1016 1238 1053 1283; x_wconf 79' lang='grc'><strong>8)</strong></span> <span class='ocrx_word' id='word_1_166' title='bbox 1078 1252 1155 1271; x_wconf 86' lang='lat' dir='ltr'><strong>eru-</strong></span> 
     </span>
     <span class='ocr_line' id='line_1_20' title="bbox 13 1298 1156 1343; baseline 0 -11"><span class='ocrx_word' id='word_1_167' title='bbox 13 1298 192 1338; x_wconf 80' lang='lat' dir='ltr'><strong>bescimus,</strong></span> <span class='ocrx_word' id='word_1_168' title='bbox 216 1299 250 1331; x_wconf 84' lang='lat' dir='ltr'><strong>in</strong></span> <span class='ocrx_word' id='word_1_169' title='bbox 278 1312 346 1343; x_wconf 89' lang='lat' dir='ltr'><strong>quo</strong></span> <span class='ocrx_word' id='word_1_170' title='bbox 370 1299 445 1339; x_wconf 82' lang='lat' dir='ltr'><strong>sint,</strong></span> <span class='ocrx_word' id='word_1_171' title='bbox 470 1300 583 1332; x_wconf 85' lang='lat' dir='ltr'><strong>noluit</strong></span> <span class='ocrx_word' id='word_1_172' title='bbox 606 1300 803 1333; x_wconf 81' lang='lat' dir='ltr'><strong>nominare:</strong></span> <span class='ocrx_word' id='word_1_173' title='bbox 829 1313 951 1333; x_wconf 80' lang='lat' dir='ltr'><strong>eorum</strong></span> <span class='ocrx_word' id='word_1_174' title='bbox 977 1313 1056 1332; x_wconf 84' lang='lat' dir='ltr'><strong>vero</strong></span> <span class='ocrx_word' id='word_1_175' title='bbox 1082 1301 1156 1332; x_wconf 84' lang='lat' dir='ltr'><strong>fru-</strong></span> 
     </span>
     <span class='ocr_line' id='line_1_21' title="bbox 14 1360 1156 1406; baseline 0.001 -13"><span class='ocrx_word' id='word_1_176' title='bbox 14 1369 116 1400; x_wconf 83' lang='lat' dir='ltr'>ctum,</span> <span class='ocrx_word' id='word_1_177' title='bbox 141 1360 198 1404; x_wconf 88' lang='lat' dir='ltr'><strong>qui</strong></span> <span class='ocrx_word' id='word_1_178' title='bbox 223 1360 355 1393; x_wconf 82' lang='lat' dir='ltr'><strong>liberati</strong></span> <span class='ocrx_word' id='word_1_179' title='bbox 379 1371 457 1393; x_wconf 87' lang='lat' dir='ltr'><strong>sunt</strong></span> <span class='ocrx_word' id='word_1_180' title='bbox 481 1374 499 1394; x_wconf 83' lang='lat' dir='ltr'>a</span> <span class='ocrx_word' id='word_1_181' title='bbox 523 1372 675 1406; x_wconf 80' lang='lat' dir='ltr'><strong>peccato,</strong></span> <span class='ocrx_word' id='word_1_182' title='bbox 700 1371 732 1394; x_wconf 86' lang='lat' dir='ltr'><strong>et</strong></span> <span class='ocrx_word' id='word_1_183' title='bbox 755 1361 841 1394; x_wconf 86' lang='lat' dir='ltr'><strong>servi</strong></span> <span class='ocrx_word' id='word_1_184' title='bbox 864 1361 943 1394; x_wconf 79' lang='lat' dir='ltr'><strong>faeti</strong></span> <span class='ocrx_word' id='word_1_185' title='bbox 967 1371 1046 1394; x_wconf 85' lang='lat' dir='ltr'><strong>sunt</strong></span> <span class='ocrx_word' id='word_1_186' title='bbox 1065 1362 1156 1401; x_wconf 88' lang='lat' dir='ltr'><strong>Deo,</strong></span> 
     </span>
     <span class='ocr_line' id='line_1_22' title="bbox 14 1421 1155 1468; baseline 0.002 -14"><span class='ocrx_word' id='word_1_187' title='bbox 14 1421 96 1454; x_wconf 86' lang='lat' dir='ltr'>dicit</span> <span class='ocrx_word' id='word_1_188' title='bbox 120 1434 189 1454; x_wconf 83' lang='lat' dir='ltr'><strong>esse</strong></span> <span class='ocrx_word' id='word_1_189' title='bbox 214 1421 248 1454; x_wconf 89' lang='lat' dir='ltr'><strong>in</strong></span> <span class='ocrx_word' id='word_1_190' title='bbox 272 1422 584 1456; x_wconf 77' lang='lat' dir='ltr'><strong>sanctificationem.</strong></span> <span class='ocrx_word' id='word_1_191' title='bbox 621 1423 803 1456; x_wconf 85' lang='lat' dir='ltr'><strong>Bonorum</strong></span> <span class='ocrx_word' id='word_1_192' title='bbox 830 1422 920 1456; x_wconf 84' lang='lat' dir='ltr'><strong>enim</strong></span> <span class='ocrx_word' id='word_1_193' title='bbox 945 1423 1155 1468; x_wconf 83' lang='lat' dir='ltr'><strong>frequentius</strong></span> 
     </span>
     <span class='ocr_line' id='line_1_23' title="bbox 15 1483 1156 1530; baseline 0.002 -15"><span class='ocrx_word' id='word_1_194' title='bbox 15 1496 117 1528; x_wconf 79' lang='lat' dir='ltr'><strong>quam</strong></span> <span class='ocrx_word' id='word_1_195' title='bbox 141 1483 312 1516; x_wconf 78' lang='lat' dir='ltr'><strong>malorum</strong></span> <span class='ocrx_word' id='word_1_196' title='bbox 337 1484 492 1518; x_wconf 79' lang='lat' dir='ltr'><strong>habenda</strong></span> <span class='ocrx_word' id='word_1_197' title='bbox 508 1484 675 1518; x_wconf 75' lang='lat' dir='ltr'><strong>memoria</strong></span> <span class='ocrx_word' id='word_1_198' title='bbox 697 1494 753 1517; x_wconf 83' lang='lat' dir='ltr'><strong>est.</strong></span> <span class='ocrx_word' id='word_1_199' title='bbox 792 1484 899 1528; x_wconf 84' lang='lat' dir='ltr'><strong>Quod</strong></span> <span class='ocrx_word' id='word_1_200' title='bbox 925 1494 1038 1517; x_wconf 83' lang='lat' dir='ltr'><strong>autem</strong></span> <span class='ocrx_word' id='word_1_201' title='bbox 1062 1485 1156 1530; x_wconf 82' lang='lat' dir='ltr'><strong>prius</strong></span> 
     </span>
    </p>
   </div>
   <div class='ocr_carea' id='block_1_3' title="bbox 15 1544 1156 1591">
    <p class='ocr_par' dir='ltr' id='par_1_3' title="bbox 15 1544 1156 1591">
     <span class='ocr_line' id='line_1_24' title="bbox 15 1544 1156 1591; baseline 0.002 -14"><span class='ocrx_word' id='word_1_202' title='bbox 15 1545 58 1577; x_wconf 86' lang='lat' dir='ltr'><strong>de</strong></span> <span class='ocrx_word' id='word_1_203' title='bbox 82 1544 177 1578; x_wconf 87' lang='lat' dir='ltr'>malis</span> <span class='ocrx_word' id='word_1_204' title='bbox 202 1544 368 1579; x_wconf 81' lang='lat' dir='ltr'><strong>fructibus</strong></span> <span class='ocrx_word' id='word_1_205' title='bbox 394 1555 427 1579; x_wconf 88' lang='lat' dir='ltr'><strong>et</strong></span> <span class='ocrx_word' id='word_1_206' title='bbox 450 1546 519 1579; x_wconf 84' lang='lat' dir='ltr'><strong>fine</strong></span> <span class='ocrx_word' id='word_1_207' title='bbox 544 1560 683 1587; x_wconf 89' lang='lat' dir='ltr'><strong>eorum,</strong></span> <span class='ocrx_word' id='word_1_208' title='bbox 719 1556 838 1591; x_wconf 83' lang='lat' dir='ltr'><strong>postea</strong></span> <span class='ocrx_word' id='word_1_209' title='bbox 862 1560 943 1580; x_wconf 85' lang='lat' dir='ltr'><strong>vero</strong></span> <span class='ocrx_word' id='word_1_210' title='bbox 970 1547 1012 1579; x_wconf 86' lang='lat' dir='ltr'><strong>de</strong></span> <span class='ocrx_word' id='word_1_211' title='bbox 1036 1546 1156 1579; x_wconf 81' lang='lat' dir='ltr'><strong>fructi-</strong></span> 
     </span>
    </p>
   </div>
   <div class='ocr_carea' id='block_1_4' title="bbox 111 1673 431 1716">
    <p class='ocr_par' dir='ltr' id='par_1_4' title="bbox 111 1673 431 1716">
     <span class='ocr_line' id='line_1_25' title="bbox 111 1673 431 1716; baseline 0.003 -11"><span class='ocrx_word' id='word_1_212' title='bbox 111 1673 145 1716; x_wconf 61' lang='grc' dir='ltr'><strong>ι)</strong></span> <span class='ocrx_word' id='word_1_213' title='bbox 170 1673 270 1707; x_wconf 77' lang='lat' dir='ltr'>Rom.</span> <span class='ocrx_word' id='word_1_214' title='bbox 295 1674 353 1714; x_wconf 73' lang='lat' dir='ltr'><strong>vl,</strong></span> <span class='ocrx_word' id='word_1_215' title='bbox 378 1675 431 1709; x_wconf 82' lang='lat'><strong>21.</strong></span> 
     </span>
    </p>
   </div>
   <div class='ocr_carea' id='block_1_5' title="bbox 16 1727 1156 1819">
    <p class='ocr_par' dir='ltr' id='par_1_5' title="bbox 16 1727 1156 1819">
     <span class='ocr_line' id='line_1_26' title="bbox 87 1727 1156 1806; baseline 0.001 -44"><span class='ocrx_word' id='word_1_216' title='bbox 87 1727 144 1780; x_wconf 53' lang='lat'><strong>.2)</strong></span> <span class='ocrx_word' id='word_1_217' title='bbox 168 1729 274 1806; x_wconf 50' lang='lat' dir='ltr'><strong>Igeest</strong></span> <span class='ocrx_word' id='word_1_218' title='bbox 307 1729 343 1762; x_wconf 79' lang='lat' dir='ltr'><strong>in</strong></span> <span class='ocrx_word' id='word_1_219' title='bbox 377 1729 471 1763; x_wconf 83' lang='lat' dir='ltr'><strong>libris</strong></span> <span class='ocrx_word' id='word_1_220' title='bbox 508 1739 605 1763; x_wconf 81' lang='lat' dir='ltr'><strong>antea</strong></span> <span class='ocrx_word' id='word_1_221' title='bbox 644 1729 740 1763; x_wconf 83' lang='lat' dir='ltr'><strong>editis</strong></span> <span class='ocrx_word' id='word_1_222' title='bbox 773 1729 820 1774; x_wconf 80' lang='lat' dir='ltr'><strong>(e.</strong></span> <span class='ocrx_word' id='word_1_223' title='bbox 857 1743 884 1763; x_wconf 86' lang='lat' dir='ltr'><strong>c.</strong></span> <span class='ocrx_word' id='word_1_224' title='bbox 917 1730 952 1763; x_wconf 85' lang='lat' dir='ltr'><strong>in</strong></span> <span class='ocrx_word' id='word_1_225' title='bbox 985 1731 1062 1763; x_wconf 87' lang='lat' dir='ltr'><strong>edd.</strong></span> <span class='ocrx_word' id='word_1_226' title='bbox 1086 1729 1156 1776; x_wconf 84' lang='lat' dir='ltr'><strong>M.)</strong></span> 
     </span>
     <span class='ocr_line' id='line_1_27' title="bbox 16 1779 213 1819; baseline 0 -13"><span class='ocrx_word' id='word_1_227' title='bbox 16 1779 150 1819; x_wconf 78' lang='lat' dir='ltr'><strong>„qula.“</strong></span> <span class='ocrx_word' id='word_1_228' title='bbox 206 1799 213 1806; x_wconf 92' lang='lat'><strong><em>.</em></strong></span> 
     </span>
    </p>
   </div>
   <div class='ocr_carea' id='block_1_6' title="bbox 18 1830 1158 1909">
    <p class='ocr_par' dir='ltr' id='par_1_6' title="bbox 18 1830 1158 1909">
     <span class='ocr_line' id='line_1_28' title="bbox 18 1830 1158 1909; baseline -0.039 -1"><span class='ocrx_word' id='word_1_229' title='bbox 18 1830 258 1909; x_wconf 55' lang='lat' dir='ltr'><strong>xvli1)‹l3dd&#39;</strong></span> <span class='ocrx_word' id='word_1_230' title='bbox 300 1830 457 1864; x_wconf 54' lang='lat' dir='ltr'><strong>Merum:</strong></span> <span class='ocrx_word' id='word_1_231' title='bbox 495 1840 644 1865; x_wconf 53' lang='lat' dir='ltr'><strong>“mmm</strong></span> <span class='ocrx_word' id='word_1_232' title='bbox 675 1830 813 1876; x_wconf 61' lang='lat' dir='ltr'><strong>peccati·</strong></span> <span class='ocrx_word' id='word_1_233' title='bbox 844 1851 887 1858; x_wconf 84' lang='grc'>-</span> <span class='ocrx_word' id='word_1_234' title='bbox 929 1830 1001 1865; x_wconf 83' lang='lat' dir='ltr'><strong>Cfr-</strong></span> <span class='ocrx_word' id='word_1_235' title='bbox 1034 1832 1158 1865; x_wconf 83' lang='lat' dir='ltr'><strong>Ezech.</strong></span> 
     </span>
    </p>
   </div>
   <div class='ocr_carea' id='block_1_7' title="bbox 111 1929 829 1977">
    <p class='ocr_par' dir='ltr' id='par_1_7' title="bbox 111 1929 829 1977">
     <span class='ocr_line' id='line_1_29' title="bbox 111 1929 829 1977; baseline 0.006 -15"><span class='ocrx_word' id='word_1_236' title='bbox 111 1929 146 1974; x_wconf 75' lang='lat'><strong>²¹)</strong></span> <span class='ocrx_word' id='word_1_237' title='bbox 170 1930 262 1963; x_wconf 84' lang='lat' dir='ltr'>Editi</span> <span class='ocrx_word' id='word_1_238' title='bbox 286 1931 333 1976; x_wconf 79' lang='lat' dir='ltr'><strong>(v.</strong></span> <span class='ocrx_word' id='word_1_239' title='bbox 360 1945 388 1965; x_wconf 94' lang='lat' dir='ltr'><strong>c.</strong></span> <span class='ocrx_word' id='word_1_240' title='bbox 414 1932 490 1966; x_wconf 84' lang='lat' dir='ltr'><strong>edd.</strong></span> <span class='ocrx_word' id='word_1_241' title='bbox 514 1931 601 1977; x_wconf 35' lang='lat' dir='ltr'><strong>MA)</strong></span> <span class='ocrx_word' id='word_1_242' title='bbox 628 1932 765 1973; x_wconf 79' lang='lat' dir='ltr'>‚,dicit.“</span> <span class='ocrx_word' id='word_1_243' title='bbox 789 1934 829 1966; x_wconf 86' lang='lat' dir='ltr'><strong>R.</strong></span> 
     </span>
    </p>
   </div>
   <div class='ocr_carea' id='block_1_8' title="bbox 18 1985 1157 2119">
    <p class='ocr_par' dir='ltr' id='par_1_8' title="bbox 18 1985 1157 2119">
     <span class='ocr_line' id='line_1_30' title="bbox 113 1985 1156 2033; baseline 0.003 -15"><span class='ocrx_word' id='word_1_244' title='bbox 113 1985 147 2030; x_wconf 85' lang='grc'><strong>5)</strong></span> <span class='ocrx_word' id='word_1_245' title='bbox 171 1986 264 2019; x_wconf 83' lang='lat' dir='ltr'>Editi</span> <span class='ocrx_word' id='word_1_246' title='bbox 287 1986 335 2031; x_wconf 84' lang='lat' dir='ltr'><strong>(e.</strong></span> <span class='ocrx_word' id='word_1_247' title='bbox 361 2001 387 2019; x_wconf 89' lang='lat' dir='ltr'><strong>c.</strong></span> <span class='ocrx_word' id='word_1_248' title='bbox 413 1989 488 2021; x_wconf 81' lang='lat' dir='ltr'><strong>edd.</strong></span> <span class='ocrx_word' id='word_1_249' title='bbox 514 1989 601 2033; x_wconf 85' lang='lat' dir='ltr'>M.):</span> <span class='ocrx_word' id='word_1_250' title='bbox 626 1997 685 2028; x_wconf 87' lang='lat' dir='ltr'><strong>„ut</strong></span> <span class='ocrx_word' id='word_1_251' title='bbox 709 1997 788 2033; x_wconf 85' lang='lat' dir='ltr'><strong>post</strong></span> <span class='ocrx_word' id='word_1_252' title='bbox 811 1990 894 2022; x_wconf 81' lang='lat' dir='ltr'><strong>haec</strong></span> <span class='ocrx_word' id='word_1_253' title='bbox 920 1989 1024 2033; x_wconf 74' lang='grc' dir='ltr'>(Μεο.</span> <span class='ocrx_word' id='word_1_254' title='bbox 1050 2002 1156 2021; x_wconf 86' lang='lat' dir='ltr'><strong>unus:</strong></span> 
     </span>
     <span class='ocr_line' id='line_1_31' title="bbox 18 2031 1157 2079; baseline 0.003 -16"><span class='ocrx_word' id='word_1_255' title='bbox 18 2040 58 2063; x_wconf 75' lang='lat' dir='ltr'><strong>ut</strong></span> <span class='ocrx_word' id='word_1_256' title='bbox 80 2040 167 2075; x_wconf 76' lang='lat' dir='ltr'><strong>post</strong></span> <span class='ocrx_word' id='word_1_257' title='bbox 192 2031 268 2066; x_wconf 83' lang='lat' dir='ltr'><strong>hoc.</strong></span> <span class='ocrx_word' id='word_1_258' title='bbox 292 2033 471 2066; x_wconf 78' lang='lat' dir='ltr'><strong>Rabanus:</strong></span> <span class='ocrx_word' id='word_1_259' title='bbox 501 2042 542 2066; x_wconf 74' lang='lat' dir='ltr'><strong>ut</strong></span> <span class='ocrx_word' id='word_1_260' title='bbox 564 2034 776 2079; x_wconf 75' lang='lat' dir='ltr'><strong>Apostolus</strong></span> <span class='ocrx_word' id='word_1_261' title='bbox 806 2033 917 2079; x_wconf 79' lang='lat' dir='ltr'><strong>haec)</strong></span> <span class='ocrx_word' id='word_1_262' title='bbox 955 2034 1074 2067; x_wconf 84' lang='lat' dir='ltr'>dixisse</span> <span class='ocrx_word' id='word_1_263' title='bbox 1110 2034 1157 2067; x_wconf 80' lang='lat' dir='ltr'><strong>vi—</strong></span> 
     </span>
     <span class='ocr_line' id='line_1_32' title="bbox 20 2077 667 2119; baseline 0.006 -11"><span class='ocrx_word' id='word_1_264' title='bbox 20 2078 162 2109; x_wconf 82' lang='lat' dir='ltr'><strong>deatur¹‘</strong></span> <span class='ocrx_word' id='word_1_265' title='bbox 187 2086 248 2109; x_wconf 85' lang='lat' dir='ltr'><strong>etc.</strong></span> <span class='ocrx_word' id='word_1_266' title='bbox 272 2077 314 2110; x_wconf 86' lang='lat' dir='ltr'><strong>R.</strong></span> <span class='ocrx_word' id='word_1_267' title='bbox 340 2097 381 2103; x_wconf 91' lang='lat'><strong>·—</strong></span> <span class='ocrx_word' id='word_1_268' title='bbox 407 2078 506 2112; x_wconf 86' lang='lat' dir='ltr'><strong>Rom.</strong></span> <span class='ocrx_word' id='word_1_269' title='bbox 531 2079 589 2119; x_wconf 92' lang='lat' dir='ltr'><strong>VI,</strong></span> <span class='ocrx_word' id='word_1_270' title='bbox 612 2080 667 2115; x_wconf 83' lang='grc'><strong>21.</strong></span> 
     </span>
    </p>
   </div>
   <div class='ocr_carea' id='block_1_9' title="bbox 113 2131 912 2232">
    <p class='ocr_par' dir='ltr' id='par_1_9' title="bbox 113 2131 912 2232">
     <span class='ocr_line' id='line_1_33' title="bbox 113 2131 436 2174; baseline 0.012 -11"><span class='ocrx_word' id='word_1_271' title='bbox 113 2131 149 2174; x_wconf 67' lang='grc'><strong>5)</strong></span> <span class='ocrx_word' id='word_1_272' title='bbox 173 2132 274 2165; x_wconf 79' lang='lat' dir='ltr'><strong>Rom.</strong></span> <span class='ocrx_word' id='word_1_273' title='bbox 300 2133 359 2173; x_wconf 85' lang='lat' dir='ltr'><strong>VI,</strong></span> <span class='ocrx_word' id='word_1_274' title='bbox 382 2135 436 2167; x_wconf 77' lang='grc'><strong>22.</strong></span> 
     </span>
     <span class='ocr_line' id='line_1_34' title="bbox 113 2187 912 2232; baseline 0.008 -13"><span class='ocrx_word' id='word_1_275' title='bbox 113 2187 149 2232; x_wconf 83' lang='grc'><strong>7)</strong></span> <span class='ocrx_word' id='word_1_276' title='bbox 174 2188 264 2220; x_wconf 86' lang='lat' dir='ltr'><strong>Edd.</strong></span> <span class='ocrx_word' id='word_1_277' title='bbox 288 2188 442 2223; x_wconf 84' lang='lat' dir='ltr'><strong>Merlini:</strong></span> <span class='ocrx_word' id='word_1_278' title='bbox 468 2190 553 2224; x_wconf 84' lang='lat' dir='ltr'><strong>servi</strong></span> <span class='ocrx_word' id='word_1_279' title='bbox 577 2201 690 2225; x_wconf 84' lang='lat' dir='ltr'><strong>autem</strong></span> <span class='ocrx_word' id='word_1_280' title='bbox 714 2191 795 2224; x_wconf 82' lang='lat' dir='ltr'>sacti</span> <span class='ocrx_word' id='word_1_281' title='bbox 823 2192 912 2225; x_wconf 89' lang='lat' dir='ltr'><strong>Deo.</strong></span> 
     </span>
    </p>
   </div>
   <div class='ocr_carea' id='block_1_10' title="bbox 22 2243 1161 2327">
    <p class='ocr_par' dir='ltr' id='par_1_10' title="bbox 22 2243 1161 2327">
     <span class='ocr_line' id='line_1_35' title="bbox 113 2243 1161 2293; baseline 0.006 -17"><span class='ocrx_word' id='word_1_282' title='bbox 113 2243 151 2288; x_wconf 78' lang='grc' dir='ltr'><strong>Β)</strong></span> <span class='ocrx_word' id='word_1_283' title='bbox 175 2243 268 2277; x_wconf 78' lang='lat' dir='ltr'>Editi</span> <span class='ocrx_word' id='word_1_284' title='bbox 291 2245 340 2288; x_wconf 80' lang='lat' dir='ltr'><strong>(V.</strong></span> <span class='ocrx_word' id='word_1_285' title='bbox 367 2260 392 2278; x_wconf 92' lang='lat' dir='ltr'><strong>c.</strong></span> <span class='ocrx_word' id='word_1_286' title='bbox 419 2247 471 2280; x_wconf 85' lang='lat' dir='ltr'><strong>ed.</strong></span> <span class='ocrx_word' id='word_1_287' title='bbox 493 2247 546 2280; x_wconf 88' lang='grc' dir='ltr'><strong>Μ.</strong></span> <span class='ocrx_word' id='word_1_288' title='bbox 567 2247 613 2293; x_wconf 88' lang='grc' dir='ltr'><strong>Ι.)</strong></span> <span class='ocrx_word' id='word_1_289' title='bbox 636 2261 835 2292; x_wconf 78' lang='lat' dir='ltr'><strong>perperam:</strong></span> <span class='ocrx_word' id='word_1_290' title='bbox 867 2261 960 2289; x_wconf 86' lang='lat' dir='ltr'><strong>„non</strong></span> <span class='ocrx_word' id='word_1_291' title='bbox 993 2248 1161 2282; x_wconf 81' lang='lat' dir='ltr'><strong>erubesci-</strong></span> 
     </span>
     <span class='ocr_line' id='line_1_36' title="bbox 22 2290 850 2327; baseline 0.005 -4"><span class='ocrx_word' id='word_1_292' title='bbox 22 2293 127 2325; x_wconf 86' lang='lat' dir='ltr'><strong>mus.“</strong></span> <span class='ocrx_word' id='word_1_293' title='bbox 150 2290 193 2324; x_wconf 86' lang='lat' dir='ltr'><strong>R.</strong></span> <span class='ocrx_word' id='word_1_294' title='bbox 216 2309 257 2316; x_wconf 90' lang='lat'><strong>·—</strong></span> <span class='ocrx_word' id='word_1_295' title='bbox 282 2290 347 2324; x_wconf 87' lang='lat' dir='ltr'><strong>Ed.</strong></span> <span class='ocrx_word' id='word_1_296' title='bbox 371 2291 422 2325; x_wconf 88' lang='grc' dir='ltr'><strong>Μ.</strong></span> <span class='ocrx_word' id='word_1_297' title='bbox 444 2292 495 2326; x_wconf 81' lang='grc' dir='ltr'><strong>ΙΙ;</strong></span> <span class='ocrx_word' id='word_1_298' title='bbox 518 2305 582 2326; x_wconf 89' lang='lat' dir='ltr'><strong>nos</strong></span> <span class='ocrx_word' id='word_1_299' title='bbox 610 2293 850 2327; x_wconf 85' lang='lat' dir='ltr'><strong>erubescimus.</strong></span> 
     </span>
    </p>
   </div>
   <div class='ocr_carea' id='block_1_11' title="bbox 822 2356 877 2390">
    <p class='ocr_par' dir='ltr' id='par_1_11' title="bbox 822 2356 877 2390">
     <span class='ocr_line' id='line_1_37' title="bbox 822 2356 877 2390; baseline 0 -11"><span class='ocrx_word' id='word_1_300' title='bbox 822 2356 877 2390; x_wconf 65' lang='lat'><strong>2*</strong></span> 
     </span>
    </p>
   </div>
  </div>
 </body>
</html>
