1320 2444
370 42 723 77 Commenmmonum
747 42 820 75 Lm.
845 42 890 76 X.
1130 43 1198 78 443

60 143 172 168 autem
202 132 293 167 stulti
330 142 424 166 sunt:
465 132 517 165 vix
532 133 566 177 ¹)
609 131 699 165 enim
737 131 916 166 inveniunt
957 131 1040 177 quid
1072 131 1199 166 faciant

57 196 152 229 honi.
197 195 227 228 E
252 194 424 228 contrario
449 207 531 228 vero
543 193 580 239 2)
605 193 732 227 Paulus
755 195 826 228 vult
849 207 913 227 nos
937 194 1102 239 sapientes
1128 207 1197 228 esse

57 258 93 291 in
116 258 225 298 bono,
249 256 317 290 hoc
344 265 406 296 est,
440 269 574 301 semper
598 255 727 300 aliquid
750 257 828 300 plus
851 256 1014 297 invenire,
1038 257 1114 301 plus
1142 269 1197 289 ex-

57 319 208 364 quirere,
241 327 273 351 et
303 317 509 363 profundius
535 317 698 359 cogitare,
723 319 805 362 quid
828 317 992 351 faciamus
1015 319 1119 350 boni:
1150 318 1197 350 ita

55 390 103 420 ut,
129 380 228 413 etiam
252 380 280 413 si
302 379 532 424 impediamur
561 391 623 422 per
653 378 795 424 alicujus
826 378 991 412 malitiam
1024 380 1067 412 ab
1093 391 1198 423 opere

55 443 172 482 bono,
195 440 317 486 nos,³)
342 440 369 474 si
393 440 559 484 sapientes
583 453 710 479 sumus,
735 440 975 481 excogitemus,
1003 442 1196 485 quomodo,

53 503 81 537 si
106 516 192 547 opus
215 504 347 535 bonum
371 516 444 535 non
470 515 660 546 possumus,
683 502 734 534 vel
748 515 943 535 sermonem
955 503 1088 535 bonum
1112 516 1196 547 pro-

54 565 221 598 feramus:
245 564 340 608 quod
364 563 391 597 si
414 577 478 596 nec
503 563 571 596 hoc
596 562 691 602 licet,
714 572 832 596 votum
863 565 981 597 saltem
1004 564 1139 596 bonum
1165 572 1198 596 et

53 626 207 660 :mimum
236 627 517 659 demonstremus.
565 624 622 658 Sic
646 636 726 666 ergo
757 625 923 669 sapientes
950 638 1017 658 esse
1030 624 1067 668 4)
1093 626 1197 658 debe-

54 702 128 721 mus
153 687 188 720 in
212 689 320 727 bono,
345 686 514 732 simplices
537 699 616 719 vero
642 685 679 719 in
703 687 814 725 malo,
838 696 896 727 ut,
920 686 995 730 si⁵)
1019 687 1198 731 pulsamur

54 747 192 789 malitia,
215 748 393 793 pulsamur
414 747 559 794 injuria,
588 761 662 781 non
674 748 710 792 ⁶)
734 748 837 781 simus
869 747 981 781 callidi
1007 756 1040 780 et
1062 748 1197 787 versuti,

53 819 137 844 artes
171 819 203 842 et
234 818 433 851 argumenta
475 819 691 853 quaerentes,
728 810 850 854 quibus
889 811 1034 843 reddere
1064 810 1195 842 malum

53 884 120 916 pro
145 872 249 911 malo,
275 879 307 903 et
329 870 516 915 nequitiam
540 885 606 915 pro
630 871 782 916 nequitia
808 873 1004 904 debeamus.
1060 871 1129 904 Sed
1160 870 1196 903 ἱιι

52 933 111 966 tali
135 933 214 965 loco
240 931 432 966 meminisse
457 933 619 966 debemus
643 932 733 966 illius
757 933 960 973 sententiae,
984 945 1071 977 quae
1096 932 1196 965 dicit:

53 993 151 1039 ‚‚si⁷)
185 994 257 1038 quis
287 994 359 1026 vult
388 993 520 1038 sapiens
545 1006 613 1027 esse
637 995 730 1038 apud
753 995 888 1034 Deum,
919 996 1039 1028 stultus
1071 996 1129 1028 fiat
1159 993 1196 1027 in

52 1056 121 1088 hoc
144 1056 309 1088 mund0.“
356 1055 470 1089 Simus
495 1069 573 1098 ergo
599 1055 708 1096 stulti,
750 1056 953 1101 accipientes
976 1055 1137 1102 injuriam
1163 1064 1196 1107 et

50 1130 124 1149 non
155 1118 352 1157 reddentes,
385 1128 422 1150 ut
446 1117 611 1162 sapientes
635 1117 738 1151 simus
771 1118 864 1162 apud
889 1117 1021 1158 Deum,
1053 1117 1112 1161 qui
1144 1117 1195 1150 di-

51 1177 163 1222 xit13)
188 1178 342 1223 „mihi9)
367 1179 560 1220 vindictam,
586 1192 646 1222 ego
671 1179 870 1219 retribuam,
895 1178 1046 1223 dicit¹⁰)
1070 1177 1195 1211 Domi-

147 1340 182 1384 ¹)
208 1340 265 1374 Sic
288 1354 405 1374 omnes
431 1341 511 1374 IWss.
536 1351 568 1374 et
592 1341 673 1374 editi
697 1342 744 1386 (v.
770 1355 795 1375 c.
821 1343 898 1376 edd.
923 1340 1092 1383 Merlini).
1124 1341 1194 1374 Ra-

51 1386 159 1418 banus
189 1399 290 1418 velo:
330 1386 411 1427 „vix
444 1386 535 1419 enim
574 1386 767 1427 inveniunt,
805 1388 898 1419 unde
937 1387 1120 1431 proficiant
1158 1386 1194 1419 in

50 1430 159 1464 bono.
163 1434 181 1450 “
205 1429 245 1463 R.

144 1485 182 1530 ²)
206 1486 301 1520 Editi
324 1490 371 1532 (c.
399 1500 426 1520 c.
452 1489 528 1521 edd.
554 1488 624 1531 M)
649 1488 811 1521 omittunt
835 1491 969 1528 „ver.o“
994 1488 1035 1520 R.

206 1543 300 1576 Editi
331 1543 378 1594 (v.
402 1556 429 1576 c.
455 1544 530 1576 edd.
555 1543 643 1587 Μ.;)
675 1546 744 1584 „sic
777 1544 838 1588 (al.
850 1569 858 1583 ,
889 1545 1041 1588 itemque
1066 1544 1118 1576 ed.
1143 1544 1193 1577 M.

50 1588 81 1621 I:
106 1598 144 1621 se
174 1587 191 1631 )
214 1601 278 1620 nos
302 1587 465 1631 sapientes
489 1589 600 1628 simus,
627 1599 658 1622 et
685 1589 932 1630 excogitemus“
959 1600 1020 1622 ete.
1045 1589 1086 1621 R

144 1642 182 1687 4)
206 1643 295 1676 Edd.
320 1643 477 1676 Mcrlini:
503 1645 665 1678 debemus
691 1658 769 1678 esse.

146 1699 182 1744 5)
206 1699 295 1734 Edd.
319 1699 477 1733 Merlini:
502 1701 528 1733 si
550 1702 726 1745 pulsemur
750 1701 895 1740 malitia,
932 1701 1109 1745 pulsemm
1140 1700 1193 1733 in-

51 1744 140 1792 julia
165 1754 225 1778 etc.

146 1801 183 1845 6)
209 1800 265 1834 Sic
291 1814 408 1834 omnes
432 1802 512 1835 BIss.
537 1802 654 1835 nostri.
702 1802 749 1833 Ita
778 1800 875 1834 ctiam
893 1800 971 1833 editi
988 1802 1036 1845 (v.
1064 1813 1090 1833 c.
1116 1801 1191 1833 edd.

51 1845 132 1890 M),
156 1845 220 1879 nisi
246 1847 340 1890 quod
365 1848 526 1879 habeant:
563 1860 656 1887 „non
692 1847 795 1879 simus
830 1845 962 1885 callidi,
993 1860 1066 1878 non
1089 1845 1194 1879 simus

52 1891 198 1924 versuti“
222 1900 283 1923 etc.
300 1891 460 1924 Rabanus
484 1906 582 1925 vero:
608 1906 700 1931 „non
724 1893 827 1925 simus
852 1891 977 1930 callidi,
1001 1900 1033 1923 et
1057 1903 1194 1936 perver-

52 1945 146 1969 sutae
170 1936 247 1969 artis
280 1947 476 1977 argumenta
502 1941 720 1982 quaerentes“
747 1946 806 1969 etc.
832 1936 871 1968 Ρι.

149 1992 185 2035 ⁷)
212 1993 280 2025 Cfr.
307 1993 321 2024 l
349 1991 429 2026 Cor.
455 1993 513 2032 Ill,
537 1996 589 2028 18.
684 1993 721 2037 3)
745 1992 834 2025 Edd.
859 1991 1016 2025 Merlini:
1043 1991 1131 2025 dicit.

146 2047 183 2092 9)
210 2048 279 2082 Cfr.
313 2048 414 2082 Deut.
438 2048 594 2090 XXXII,
616 2050 670 2084 35.
696 2069 737 2075 —-
762 2049 853 2084 Edd.
876 2047 1032 2080 Merlinl:
1067 2057 1099 2080 et
1132 2060 1193 2089 ego

54 2094 156 2126 retrib
162 2107 250 2126 uam.

126 2149 183 2193 ¹⁰)
207 2149 341 2182 Desunt
372 2151 492 2182 xwreaba
522 2150 625 2189 „dicit
649 2150 865 2188 Dominus‚“
898 2150 932 2181 in
966 2147 1061 2182 editis
1092 2148 1139 2192 (c.
1167 2162 1193 2182 c.

55 2195 133 2227 cdd.
157 2195 204 2226 M.
207 2194 236 2238 ),
262 2204 292 2227 et
315 2195 350 2227 in
376 2194 460 2228 Msc
489 2196 567 2237 Reg.
592 2210 684 2229 num.
712 2197 819 2235 1639„
843 2195 900 2229 scd
926 2202 1055 2229 exstant
1079 2193 1114 2227 in
1138 2207 1193 2227 cc-

56 2239 133 2273 teris
159 2240 238 2274 Mss
265 2250 295 2272 et
319 2241 411 2285 apud
437 2240 627 2275 Rabanum.
654 2241 692 2273 R.
