1377 2454
310 58 336 91 C
341 65 657 92 ommni-monum
680 57 752 90 Lm.
776 57 866 91 VIII.
1086 57 1153 95 221

27 151 143 190 verba,
174 147 210 181 iu
235 146 357 192 quibus
382 148 466 180 ratio
492 147 570 180 fidei
595 146 805 187 continetur,
831 156 863 179 et
887 147 1074 191 explanatio
1099 161 1152 181 sa-

26 210 179 257 pientiae,
202 211 261 244 sed
284 223 387 243 sonus
404 210 483 242 fidei
503 209 676 242 communi
695 218 725 241 et
741 208 887 253 simplici
900 209 1152 253 praedicatione

25 271 228 318 pervenerit:
263 271 367 303 finem
399 284 478 304 vero
511 269 602 302 orbis
634 279 799 302 terrarum
825 271 1024 304 eruditiores
1049 284 1151 315 quos-

24 345 89 377 que
114 342 145 365 et
170 332 405 376 prudentiores
438 331 661 376 appellaverit.
715 331 808 364 Finis
844 332 933 364 enim
968 332 1153 376 perfectio-

21 407 99 426 nem
124 393 252 426 indicat
276 406 399 426 rerum.
459 394 513 425 Ad
545 393 607 425 hos
641 404 718 433 ergo
752 393 832 425 tales
866 393 987 436 nou¹)
1026 407 1151 426 sonum

22 455 122 493 vocis,
146 456 204 487 sed
231 455 330 486 verba
355 464 385 486 et
407 454 572 486 rationem
598 452 786 497 pervenisse
810 454 1018 497 pronuntiat,
1044 453 1150 497 qui2)

22 516 138 560 utique
163 515 333 549 audientes
357 528 548 547 sermonem
565 515 655 554 fidei,
680 515 778 547 etiam
794 514 829 559 ³)
845 516 1049 559 perscrutari
1070 529 1150 560 pos—

19 585 97 609 sunt
122 586 153 608 et
176 576 372 620 perquirere
406 575 594 620 Scripturas
628 576 769 616 divinas,
794 586 831 608 ut
855 586 1062 618 cognoscant
1088 590 1146 609 eo—

19 652 95 670 rum
119 639 319 676 verborum,
354 650 440 680 quae
463 637 502 670 iis
525 650 586 681 per
609 639 792 682 Apostolos
823 638 1021 670 annuntiata
1060 647 1149 678 sunt,

18 699 199 731 veritatem.
245 698 288 730 Et
311 698 399 731 hanc
431 711 498 731 esse
531 698 566 731 in
597 699 646 731 his
672 700 898 732 differentiam
921 699 1026 732 sciens
1053 701 1149 743 Apo-

19 760 133 798 stolus,
166 759 199 792 id
226 769 288 799 est,
318 759 352 792 in
384 773 470 793 sono
497 768 528 791 et
552 760 676 799 verbis,
701 762 850 804 quodam
875 762 955 793 loco
980 761 1024 793 ita
1050 760 1148 793 dicit:

19 820 117 865 „et4)
140 834 252 854 sermo
277 834 381 860 meus,
407 831 437 854 et
461 821 668 866 praedicatio
694 835 768 854 mea
789 836 860 855 non
875 821 909 866 5)
934 823 997 855 fuit
1020 822 1054 854 in
1070 836 1148 855 sua—

18 882 157 925 soriisfi)
195 882 378 926 sapientiae
411 883 539 921 verbis,
569 884 627 915 sed
658 883 692 914 in
725 883 918 916 ostensione
948 883 1091 928 Spiritus
1117 892 1148 916 et

17 943 190 976 virtutis:“
214 952 251 975 ut
276 945 484 982 ostenderet,
526 945 666 976 verbum
701 944 839 988 quidem
873 958 956 985 esse,
992 958 1060 989 quo
1085 958 1148 989 per

17 1004 172 1037 virtutem
197 1005 339 1049 Spiritus
363 1004 525 1048 sapientia
549 1005 615 1037 Dei
639 1006 783 1039 lucidius
808 1007 1022 1050 explanatur:
1048 1019 1147 1050 prae-

17 1065 221 1097 dicationem
259 1078 337 1097 vero
373 1066 461 1097 lianc
499 1079 584 1105 esse,
622 1067 663 1098 de
677 1066 712 1109 ⁷)
745 1080 810 1110 qua
843 1067 923 1099 dicit
964 1068 1145 1111 propheta,

19 1127 95 1169 quia
120 1124 223 1169 ,,ἱ118)
249 1139 384 1158 omnem
418 1136 540 1158 terram
573 1127 668 1159 exivit
692 1141 794 1160 sonus
827 1133 984 1160 eorum:“
1021 1128 1054 1160 iu
1081 1142 1147 1173 qua

16 1186 140 1220 scilicet
171 1186 310 1230 simplex
335 1187 545 1221 annuntiatio
571 1188 663 1232 θεῖς’)
687 1188 784 1227 fidei,
821 1198 852 1221 et
882 1188 1145 1233 simplicioribus

17 1247 206 1291 quibusque
239 1248 420 1280 sussiciens.
477 1249 545 1281 Sed
577 1259 608 1281 et
640 1249 720 1281 alibi
753 1249 795 1281 de
825 1259 929 1282 semet
953 1252 1027 1294 ipso
1054 1251 1145 1290 dicit,

16 1308 92 1352 quia
115 1309 155 1341 sit
179 1309 433 1353 „praedicator,
448 1309 503 1353 ¹⁰)
529 1319 560 1342 et
584 1311 786 1354 Apostolus,
812 1320 843 1343 et
867 1311 1023 1352 magister
1050 1311 1144 1345 Gen-

109 1424 143 1468 ¹)
166 1424 249 1458 Msc.
266 1425 345 1466 Reg.
359 1439 452 1458 num.
468 1425 566 1461 1639.
582 1440 672 1466 „non
686 1428 796 1460 solum
812 1441 920 1467 voces,
933 1430 1012 1461 sed“
1028 1438 1088 1461 etc.
1102 1428 1142 1462 R.

106 1481 142 1521 ²)
168 1481 260 1512 ldem
298 1481 381 1513 Rlsc.
422 1491 452 1513 et
491 1481 668 1515 Rabanus:
706 1484 785 1526 „qui
818 1485 968 1528 utique.“
1032 1484 1142 1517 Ceteri

14 1537 93 1557 vero
119 1524 196 1558 Mss.
223 1534 253 1558 ct
279 1527 357 1559 editi
381 1526 427 1570 (e.
453 1540 480 1559 c.
507 1529 580 1560 edd.
606 1527 690 1572 M.):
716 1529 815 1572 „quia
840 1533 988 1573 utique.“
1011 1529 1051 1562 R.

105 1581 142 1624 ³)
166 1581 253 1614 Edd.
279 1582 433 1615 Merlini:
458 1584 557 1616 etiam
582 1584 721 1618 scrutari
747 1594 896 1629 possunt.

105 1636 141 1680 ⁴)
167 1637 181 1668 I
210 1637 288 1670 Cor.
316 1638 356 1677 II,
379 1640 410 1673 4.

47 1732 56 1741 ι
104 1691 140 1735 ⁵)
166 1692 256 1725 Editi
277 1694 324 1737 (e.
349 1708 376 1727 c.
403 1696 479 1728 edd.
503 1695 587 1739 MD:
612 1710 703 1735 „non
728 1705 805 1729 sunt
829 1697 862 1729 in
879 1698 1055 1731 suasoriis“
1079 1707 1140 1732 etc.

13 1737 149 1770 Deinde
186 1737 270 1771 Msc.
307 1753 393 1773 unus
430 1740 511 1781 Reg.
536 1755 629 1773 num.
670 1741 764 1776 1639.
800 1743 893 1774 addit
929 1743 1141 1782 ‚‚humanae“

14 1792 105 1814 ante:
135 1782 375 1826 ‚‚sapientiae;“
404 1787 463 1818 sed
497 1799 560 1818 vox
593 1787 804 1826 ‚‚hu1nanae“
828 1789 919 1819 deest
942 1789 976 1820 in
1002 1788 1140 1832 reliquis

13 1827 103 1903 3135„
139 1840 208 1903 neg
235 1842 307 1861 non
345 1830 380 1862 in
417 1831 511 1863 editis
552 1830 599 1875 (e.
625 1845 652 1864 c.
672 1831 749 1864 edd.
773 1831 860 1875 Μ.),
902 1841 932 1865 et
957 1834 1048 1877 apud
1072 1835 1140 1865 Ra-

40 1885 152 1904 anum.
212 1899 217 1905 .

106 1926 141 1970 ⁶)
165 1928 227 1960 Ed.
253 1929 301 1962 M.
325 1929 349 1963 Ι.
373 1943 569 1975 perperam:
594 1933 749 1965 suasoris.

106 1982 142 2027 ⁷)
166 1984 254 2018 Edd.
278 1986 434 2019 Merlini:
459 1989 626 2032 propheta
652 1990 694 2021 de
718 2001 785 2032 qua
809 1988 899 2028 dicit,
923 1989 1001 2033 quia
1025 1998 1084 2022 etc.

105 2039 141 2083 8)
167 2040 288 2073 Psalm.
319 2042 422 2081 XIX,
461 2045 492 2076 4.
527 2044 689 2089 (XVIII.)
714 2046 789 2079 coll.
814 2044 914 2078 Rom.
937 2046 989 2085 X,
1020 2045 1072 2079 18.
1097 2064 1138 2070 —

13 2084 101 2118 Edd.
126 2086 173 2118 M.
199 2086 265 2117 hoc
289 2087 386 2119 loco:
413 2088 496 2121 exiit.

105 2141 342 2217 ⁹)·Om{zttitur
371 2141 407 2175 in
441 2144 534 2178 editis
559 2144 605 2189 (v.
631 2159 656 2180 c.
684 2146 759 2179 edd.
783 2144 872 2189 M.):
897 2148 997 2186 ‚,est.“
1024 2144 1138 2179 Raba-

13 2191 206 2225 nus:‚,51t.“
262 2213 268 2219 .

86 2241 142 2286 ¹⁰)
166 2243 197 2274 11
222 2242 309 2276 Tim.
334 2243 359 2283 1,
384 2244 436 2277 11.
