1320 2444
149 67 218 103 284
418 64 594 99 Omenms
617 75 656 99 m
677 64 739 100 Ep,
762 72 810 100 An
836 66 1015 104 RomAnos

151 156 277 190 Christi
300 156 334 189 in
359 168 506 201 corpore
535 165 653 189 nostro
678 157 941 192 manifestetur.“
1000 158 1205 199 „Sanctam“
1230 160 1282 194 di-

149 219 259 263 cit‚¹)
298 218 333 251 in
366 231 432 262 qua
454 227 587 250 sanctus
626 217 770 262 Spiritus
794 219 938 260 habitat,
975 222 1162 254 secundum
1188 224 1284 267 quod

148 283 185 316 iu
219 282 286 315 alio
322 282 403 313 loco
435 279 531 312 dixit:
569 279 683 323 ‚,an²)
719 281 868 322 nescitis,
905 282 984 326 quia
1015 284 1180 327 templum
1214 283 1284 316 Dei

149 344 242 383 estis,
275 342 355 387 et³)
385 341 530 386 Spiritus
554 341 623 374 Dei
654 343 780 376 habitat
813 342 848 376 in
879 342 1023 377 vobis?“
1067 344 1283 384 „Placentem

146 403 305 447 De0,“²²)
333 413 449 448 utpote
475 416 492 435 a
508 401 543 446 ⁵)
559 404 700 447 peccatis
718 413 749 436 et
771 403 856 437 vitiis
872 414 1071 449 separatam.
1111 405 1204 439 Haec
1223 420 1283 440 au-

147 477 216 501 tern
242 466 357 500 omnia
382 464 590 497 rationabilis
615 465 721 497 cultus
742 475 788 498 est
823 466 899 499 Dei.
947 466 1062 499 Potest
1096 468 1186 500 enim
1216 481 1281 512 pro

147 530 207 563 tali
231 530 322 561 cultu
348 525 446 558 reddi
471 525 576 565 ratio,
606 536 637 558 et
661 527 812 567 ostendi,
843 527 920 571 quia
958 528 1096 570 dignum
1129 538 1177 562 est
1202 529 1282 562 Deo

147 593 230 625 tales
254 588 379 622 hostias
404 588 647 632 immolar126)
673 589 790 622 arietes
816 598 945 628 autem,
971 598 1003 622 et
1026 590 1154 629 hircos,
1180 600 1211 623 et
1234 591 1284 624 vi·-

146 654 237 687 tulos
262 649 449 683 immortali
474 658 505 681 et
528 649 736 695 incorporeo
755 651 832 683 Deo
859 651 975 684 offerri
1000 651 1093 684 nulla
1118 651 1204 684 ratio
1228 665 1283 684 re-

148 725 198 748 cta
224 723 255 747 ct
279 713 421 744 honesta
444 711 610 755 suscipiet.
658 712 752 746 Haec
778 725 855 754 ergo
880 713 923 745 ita
948 714 1076 752 facere,
1101 723 1132 745 et
1155 714 1199 746 ita
1225 727 1283 746 co-

145 779 216 810 lere
240 775 355 807 Deum
383 787 449 813 eos,
474 773 531 818 qui
556 772 690 805 Christo
717 774 951 813 crediderunt,
983 788 1054 807 non
1078 775 1190 808 solum
1217 776 1281 807 do—

148 847 200 872 cet
226 836 418 882 Apostolus,
440 835 499 867 sed
526 833 604 878 et7)
619 835 773 867 obsecrat
795 848 877 880 „per
892 835 1160 868 misericordiam
1176 836 1282 869 Dei:“

145 910 184 933 ut
209 898 365 931 ostendat
387 909 449 940 per
472 897 539 928 hoc
563 895 715 928 humano
741 896 865 938 generi,
887 917 926 922 —
944 898 1107 941 quoniam
1131 898 1282 942 proclive

147 970 195 994 est
217 961 259 992 nd
289 958 450 992 delictum
474 975 536 995 —,
567 956 803 1002 hujuscemodi
830 958 952 991 hostias
977 958 1044 990 Dei
1068 958 1283 991 miseratione

146 1021 316 1067 provisas:
342 1019 464 1063 quibus
489 1019 515 1051 si
540 1032 692 1062 unquam
717 1020 828 1063 lapsus
853 1020 1023 1060 acciderit,
1047 1033 1108 1064 per
1130 1019 1281 1053 rationa-

146 1084 215 1116 bile
240 1081 442 1124 obsequium
476 1090 507 1112 ct
538 1074 662 1113 hostias
686 1093 725 1113 eo
751 1081 875 1120 modo,
909 1094 977 1125 quo
1001 1095 1103 1126 supra
1128 1081 1281 1121 diximus,

144 1145 358 1182 immolatas,
394 1140 545 1186 reparari
579 1142 686 1186 possit
709 1142 821 1175 anima
846 1155 884 1175 ac
909 1142 1037 1176 restitui
1062 1144 1103 1176 ad
1128 1144 1280 1176 salutem.

147 1207 255 1251 Quod
281 1214 394 1237 autem
430 1205 557 1236 multae
580 1204 693 1248 sintss)
726 1204 977 1237 misericordiae
1008 1205 1092 1244 Dei,
1134 1205 1283 1246 designat

145 1269 271 1301 Paulus
302 1267 335 1299 in
361 1267 509 1298 secunda
535 1267 578 1298 ad
611 1265 817 1305 Corinthios,
845 1266 977 1299 dicens:
1010 1267 1280 1310 ,.benedictus⁹)

143 1332 240 1364 Deus
265 1340 296 1362 et
320 1329 420 1360 Pater
444 1326 589 1359 Domini
613 1327 720 1359 nostri
744 1328 824 1360 Jesu
852 1328 991 1367 Christi,
1030 1328 1128 1361 Pater
1151 1329 1279 1361 miseri-

145 1393 373 1427 cordiarum.“
418 1388 596 1433 Audis¹⁰)
622 1389 754 1429 Deum,
779 1390 865 1422 sicut
890 1389 1013 1422 Christi
1038 1399 1133 1433 pater
1158 1400 1225 1429 est,
1250 1400 1281 1422 et

143 1454 327 1499 sapientiae
350 1460 446 1496 pater
472 1460 526 1489 est,
553 1459 583 1482 et
606 1449 749 1494 justitiae
773 1460 869 1494 pater
894 1460 949 1489 est,
981 1469 1022 1476 —·
1052 1464 1139 1494 quae
1163 1452 1278 1484 omnia

145 1516 296 1550 Christus
333 1523 380 1546 est
412 1533 472 1552 —‚
501 1512 545 1545 ita
571 1524 639 1544 esse
674 1520 705 1544 et
722 1511 775 1557 ιΙ)
800 1511 1111 1545 misericordiarum
1136 1522 1279 1557 patrem.

241 1627 275 1670 1)
299 1626 400 1658 Rom.
431 1624 518 1662 ΧΠ,
551 1624 580 1656 1.
611 1642 656 1648 -—
688 1623 777 1656 Edd.
802 1623 956 1656 Merlini:
988 1624 1122 1669 spiritus
1146 1635 1278 1658 sanctus

145 1674 283 1712 habitat,
312 1690 350 1696 —-
377 1672 455 1703 loco
482 1669 572 1702 dicit.

238 1728 275 1772 2)
300 1727 313 1758 Ι
341 1726 421 1759 Cor.
446 1726 505 1766 ΙΙΙ,
531 1726 582 1760 16.
608 1745 649 1750 —
674 1725 739 1758 Ed.
764 1724 812 1758 M.
843 1724 875 1757 I:
901 1734 958 1757 aut
981 1726 1112 1758 nescitis
1138 1736 1197 1758 etc.

237 1784 275 1827 ³)
300 1783 392 1815 Editi
416 1783 462 1827 (v.
490 1797 516 1815 c.
542 1783 616 1815 edd.
642 1781 729 1825 Μ.);
754 1791 807 1822 „et
829 1781 964 1826 spiritus
987 1788 1141 1815 sanctus“
1162 1793 1221 1815 etc.
1239 1783 1277 1816 R.

239 1839 275 1882 4)
301 1839 401 1871 Rom.
425 1839 503 1878 ΧΠ,
529 1842 556 1874 1,

239 1896 274 1939 ⁵)
300 1896 388 1927 Edd.
414 1895 572 1927 Merlini:
599 1908 615 1926 a
641 1893 723 1926 vitiis
748 1902 778 1926 et
801 1894 948 1937 peccatis
972 1904 1170 1939 separatam.

239 1953 275 1994 6)
302 1951 356 1983 Sic
387 1950 469 1982 Msc.
510 1949 590 1989 Reg.
627 1963 719 1981 num.
752 1949 847 1982 1639,
905 1948 1016 1982 Ceteri
1040 1964 1118 1983 vero
1146 1951 1221 1983 Mss.
1247 1960 1277 1983 et

146 1997 225 2031 editi
249 1997 296 2041 (e.
322 2009 348 2027 c.
376 1996 451 2027 edd.
477 1994 561 2036 Μ.);
594 1993 831 2033 ‚,imnlolare;“
863 2003 893 2026 et
924 1996 1028 2038 paulo
1053 2006 1143 2039 post:
1180 1995 1275 2034 „Hoc

144 2045 240 2088 (edd.
270 2041 423 2074 Merlini:
449 2038 570 2082 Haec)
597 2051 675 2078 ergo
701 2039 744 2071 ita
769 2038 862 2070 fieri“
887 2049 947 2072 etc.
974 2039 1013 2073 R.

241 2098 276 2141 7)
303 2097 404 2129 Deest
428 2099 499 2134 „et“
525 2095 559 2126 in
586 2095 660 2126 edd.
687 2095 733 2127 M.
762 2115 801 2119 —-
829 2094 896 2129 Csr.
923 2096 1021 2130 Rom.
1046 2096 1122 2136 ΧΠ,
1148 2096 1174 2128 1.

239 2155 275 2198 8)
302 2153 387 2185 Edd.
412 2151 565 2184 Merlmi:
590 2159 675 2183 sunt.
771 2151 805 2193 9)
831 2152 861 2183 II
887 2152 966 2185 Cor.
992 2153 1017 2191 I,
1040 2153 1072 2186 3.

222 2211 278 2253 ¹⁰)
303 2207 396 2242 Editi
420 2207 466 2252 (v.
492 2221 520 2240 c.
545 2208 620 2239 edd.
646 2206 732 2249 M.):
760 2207 873 2249 „Audi
897 2208 1020 2249 Deum,
1044 2208 1148 2241 sicut“
1164 2215 1221 2239 etc.
1239 2206 1274 2240 R,

220 2265 276 2308 ΙΙ)
302 2265 403 2298 Deest
427 2268 499 2304 „et“
523 2263 557 2297 in
583 2263 657 2297 edd.
683 2263 731 2296 M.
