1320 2444
187 91 256 127 306
457 90 636 125 Omenms
659 100 696 125 m
720 90 782 124 Ep.
806 99 854 125 ΑΒ
879 92 1060 128 ΒοΜΑΝοε

194 183 284 221 ritus,
309 194 372 214 nec
396 182 552 214 membra
578 181 695 226 essc¹)
722 180 847 215 Christi
884 182 1038 227 corporis
1062 194 1213 230 possunt.
1261 186 1320 220 Set'

191 244 227 277 in
255 243 305 276 his
330 243 514 287 quaeritur,
537 243 564 276 si
588 252 700 287 potest
724 256 792 277 esse
816 242 927 288 aliqua
941 244 976 277 in
1001 246 1102 281 nobis
1126 248 1178 280 vel
1203 261 1240 281 ex
1264 262 1320 281 no·

190 305 241 338 bis
265 304 467 350 prophetiae
490 303 633 348 species,
664 318 751 349 quae
782 318 855 338 non
889 315 1000 339 totum
1032 308 1155 342 habeat
1179 322 1216 342 ex
1239 310 1318 343 Deo

189 369 249 400 sed
295 366 542 411 aliquantulum
590 365 745 410 etiam2)
786 379 823 399 ex
862 367 1020 401 humanis
1053 370 1170 403 studiis
1211 371 1320 416 capiat

191 428 269 461 Hoc
308 428 446 472 quidem
485 428 578 472 apud
615 437 743 461 ceteros
783 428 880 461 valde
910 427 1122 474 impossibile
1149 431 1320 466 videbitur

191 492 284 535 apud
308 489 453 522 Paulum
479 499 592 522 tamen
617 490 789 522 evidenter
812 490 997 534 probatur,
1032 491 1219 526 dicentem:
1253 507 1320 533 „ae-

189 551 418 595 mularnini3)
446 560 558 584 autem
584 552 674 583 dona
699 549 840 596 majora,
864 552 969 593 magis
986 562 1098 587 autem
1119 564 1156 588 ut
1178 556 1320 601 prophe·

189 614 293 648 tetis.“
340 613 377 645 In
393 613 429 657 ¹²)
456 626 524 657 quo
549 613 634 645 sicut
655 613 846 646 aemulatur
870 613 944 658 quis
967 614 1202 657 ministerium,
1219 626 1249 650 et
1266 618 1320 650 do·

189 676 346 716 ctrinam,
371 684 401 707 et
434 674 722 714 exhortationem,
747 684 778 707 et
803 685 929 715 cetera,
953 689 1016 721 per
1039 677 1124 718 hoc,
1151 679 1246 722 quod
1270 680 1320 712 ad-

188 738 285 770 hibet
308 750 384 778 erga
416 737 498 769 haec
521 736 669 769 studium
686 735 721 778 ⁵)
747 750 784 769 ac
815 737 989 778 laborem,
1020 738 1066 772 ita
1091 748 1122 771 et
1147 752 1223 781 erga
1246 753 1320 784 pro-

186 800 335 844 phetiam
360 798 433 832 fieri
459 799 583 830 debere
608 798 755 831 ostendit
778 799 974 842 Apostolus.
1022 800 1125 833 Unde
1148 800 1320 846 prophetia

186 861 405 903 intelligenda
439 865 490 893 est*
516 860 617 900 haec,
650 873 751 904 quam
785 861 887 893 docet
916 861 1105 905 Apostolus
1139 875 1212 894 non
1235 863 1320 896 ill-'ur

188 937 266 962 csse,
290 936 353 967 per
377 935 479 966 quam
506 921 646 954 dicitur:
671 921 775 961 „haec
800 921 883 953 dicit
906 921 1116 956 Dominus:“
1145 923 1203 956 illa
1236 923 1320 956 enim

184 997 293 1029 usque
318 985 360 1017 ad
385 983 557 1015 Joannem
580 982 729 1025 stetit,⁶)
753 984 941 1015 secundum
969 985 1063 1028 quod
1086 984 1121 1017 in
1142 983 1320 1025 Evangelic

185 1046 349 1091 scriptum
379 1053 442 1077 est:
467 1043 587 1088 „lex⁷)
619 1053 651 1076 et
684 1044 873 1088 prophetae
905 1058 1011 1090 usque
1043 1046 1086 1080 ad
1117 1045 1318 1079 Joannem:‘

184 1107 293 1152 scdss)
316 1107 391 1147 illa,
432 1108 473 1139 de
505 1119 571 1150 qua
605 1106 695 1139 idem
722 1107 910 1150 Apostolus
936 1105 997 1139 nit:
1023 1107 1150 1151 „qui⁹)
1175 1109 1320 1153 prophe-

184 1180 241 1210 tat,
265 1169 464 1202 hominibus
481 1167 537 1210 ¹⁰)
561 1166 715 1211 loquitur
739 1168 782 1200 ad
807 1167 1091 1209 aedificationem,
1115 1179 1147 1203 et
1171 1170 1320 1203 exhorta-

183 1232 324 1271 tionem,
350 1240 382 1263 et
406 1230 712 1262 consolationem.“
755 1228 944 1274 Prophetia
976 1242 1055 1274 ergo
1086 1230 1209 1264 dicitur
1232 1231 1320 1276 apud

281 1332 315 1375 ¹)
340 1331 428 1363 Edd.
456 1328 609 1361 Mcrlini:
636 1341 704 1362 esse
730 1330 885 1374 corporis
911 1330 1035 1365 Christi
1057 1341 1209 1376 possunt.

275 1387 314 1432 ²)
337 1385 622 1420 praetermittitur
636 1386 670 1418 in
688 1385 783 1419 editis
801 1386 849 1431 (v.
866 1400 894 1420 c.
913 1388 989 1420 edd.
1003 1387 1088 1432 M.:)
1113 1388 1268 1429 „efiamf‘
1282 1388 1320 1420 R.

275 1444 313 1487 ³)
337 1445 353 1476 Ι
379 1443 458 1476 Cor.
484 1441 561 1480 XII,
584 1443 638 1476 31.
666 1451 697 1474 et
719 1442 812 1481 XIV,
838 1444 868 1476 1.

274 1500 311 1542 ⁴¹)
335 1498 427 1532 Editi
452 1497 499 1542 (v.
525 1510 552 1531 c.
578 1499 652 1531 edd.
678 1497 766 1541 M.):
792 1497 852 1537 „In
878 1510 947 1542 quo
973 1497 1045 1543 quis
1069 1500 1263 1533 aemulatur
1284 1500 1320 1533 in

179 1545 424 1579 ministerium“
450 1552 510 1575 etc.
535 1542 577 1575 R.

275 1601 311 1644 ⁵)
335 1601 424 1633 Edd.
450 1599 603 1632 Merlini:
629 1599 778 1632 studium
806 1608 837 1632 et
860 1599 1026 1632 laborem.

273 1657 310 1701 ⁶)
335 1657 467 1689 Verba:
491 1654 618 1695 ‚,stetit‚
646 1655 834 1688 secundum
861 1675 902 1680 —
926 1655 1091 1700 scriptum
1117 1664 1179 1688 est:
1211 1656 1262 1688 lex
1287 1665 1319 1689 et

178 1703 369 1748 prophetae
404 1714 510 1745 usque
535 1701 577 1733 ad
601 1701 816 1739 Joannem,“
845 1699 882 1732 in
907 1699 1002 1732 editis
1023 1700 1072 1743 (v.
1097 1714 1124 1733 c.
1150 1702 1226 1734 edd.
1251 1701 1319 1746 M.)

178 1751 300 1782 frustra
344 1747 515 1791 requiras;
550 1746 608 1779 sed
653 1745 873 1779 restituuntur
911 1758 950 1777 ex
986 1745 1147 1780 omnibus
1181 1746 1261 1781 Mss.
1286 1755 1318 1780 et

179 1794 335 1826 Rabano.
361 1792 402 1825 R.

273 1849 309 1891 ⁷)
334 1848 415 1880 Luc.
440 1848 533 1887 XVI,
557 1848 610 1882 16.

270 1903 308 1947 ε’)
332 1904 397 1936 Ed.
423 1903 531 1936 Ruaei
554 1903 589 1935 in
614 1910 720 1935 textu:
756 1901 834 1940 „sed
859 1900 989 1941 illam,“
1021 1901 1057 1935 in
1082 1902 1188 1938 notis:
1211 1904 1314 1943 „editi

177 1950 226 1993 (v.
249 1962 277 1981 c.
304 1949 355 1981 ed.
380 1948 428 1981 M.
454 1948 530 1992 lI.):
554 1946 619 1980 sec'l
645 1945 760 1979 illam.
810 1945 939 1979 Omnes
970 1960 1050 1980 vero
1075 1947 1154 1981 Mss.
1189 1957 1220 1981 et
1244 1948 1311 1983 Ra-

175 1996 283 2028 banus
307 1994 441 2038 (itemq.
466 1995 517 2027 ed.
540 1992 587 2025 M.
613 1992 675 2036 I.):
700 1989 765 2024 sed
791 1989 894 2024 illa.“

268 2051 304 2093 ⁹)
329 2050 344 2082 I
369 2050 450 2084 Cor.
474 2049 568 2088 XIV,
591 2049 623 2082 3.

249 2106 305 2150 ¹⁰)
332 2104 424 2138 Editi
456 2105 503 2148 (v.
536 2117 564 2136 c.
596 2103 672 2135 edd.
706 2101 793 2147 MA)
826 2102 1008 2142 „omnibus
1040 2103 1221 2147 loquitur“
1249 2113 1308 2137 etc.

173 2151 330 2184 Deinde:
361 2149 568 2193 „prophetia
605 2152 738 2180 autem“
770 2157 830 2180 etc.
859 2148 944 2180 IVIsc.
978 2147 1058 2190 Reg.
1088 2162 1181 2181 num.
1212 2150 1307 2184 1639.

172 2196 390 2236 „hominibus
430 2194 584 2238 loquitur
627 2193 920 2231 aedificationem,
959 2202 989 2225 et
1029 2195 1306 2227 consolationem.

171 2241 357 2286 prophetia
396 2244 499 2283 ergo“
530 2248 589 2271 etc.
646 2238 715 2271 Sed
741 2238 841 2271 ceteri
868 2238 945 2272 Mss.
973 2247 1006 2272 et
1031 2239 1188 2273 Rabanus
1211 2248 1247 2272 ut
1270 2239 1305 2271 in

170 2296 269 2320 textu.
296 2286 335 2318 R.
