1320 2444
182 73 251 109 320
453 71 630 105 Omenms
652 82 690 106 m
714 71 776 107 Ep,
798 80 847 105 An
872 72 1051 106 Rommos

185 163 343 198 reddidit.
388 161 432 195 Et
462 163 541 196 ideo
574 162 878 207 respiciendum¹)
910 174 1045 208 semper
1076 170 1123 196 est
1155 163 1196 196 ad
1229 175 1314 202 eum¹

157 251 158 254 ,
186 227 244 271 qui
271 226 368 259 dixit:
391 223 546 268 „mihi²)
571 223 772 263 vindictam,
804 236 865 265 ego
890 224 1092 265 retribuam,
1127 224 1208 258 dicit
1243 224 1315 257 Do-

185 288 330 320 minus.“

275 350 329 382 20.
353 347 644 392 „Providentes³)
670 348 761 380 bona
775 346 812 391 4)
845 360 959 380 coram
986 345 1146 380 omnibus
1170 346 1315 380 hornini-

185 413 282 445 hus.“
330 410 457 443 Coram
483 410 643 443 omnibus
665 408 864 443 hominibus
890 408 1047 454 providet
1069 408 1143 453 quis
1167 409 1270 448 bona,
1293 409 1316 442 si

186 487 258 506 non
285 473 418 517 placeat
440 471 650 512 singulorum
674 472 726 504 vel
752 470 847 510 vitiis,
871 471 923 503 vel
947 470 1110 504 moribus.
1158 469 1317 513 Alioquin

188 534 358 568 contraria
391 533 453 565 erit
483 533 540 566 illa
570 533 727 578 Apostoli
758 531 861 576 ipsius
891 531 1070 572 sententia,
1105 544 1193 576 quae
1224 531 1317 565 dicit:

187 607 269 639 ’,ego
285 596 321 639 ⁵)
345 595 371 628 si
396 594 594 628 hominibus
617 595 751 639 placere
775 595 915 635 vellem,
952 593 1075 627 Christi
1105 606 1218 627 servus
1248 606 1318 625 non

189 662 327 692 essem.“
374 657 443 690 Sed
467 656 525 700 qui
550 656 637 689 vitae
660 669 750 696 suae,
775 666 807 689 et
820 655 856 700 6)
882 669 1039 695 morum,
1062 664 1163 700 atque
1187 663 1318 687 actuum

188 729 281 754 tenet
303 719 437 759 libram,
461 727 498 750 ut
522 731 594 751 non
619 718 726 762 possit
741 719 783 751 ab
809 719 880 751 ullo
908 717 1088 751 hominum
1106 714 1319 761 reprehendi,

186 783 249 816 iste
281 783 372 814 bona
405 792 520 812 coram
553 779 713 813 omnibus
744 780 942 813 hominibus
970 778 1159 824 providet..
1192 777 1261 810 Sed
1292 785 1319 809 et

190 845 258 877 hoc
298 844 519 880 advertamus,
555 842 735 884 quomodo
751 837 787 881 7)
826 851 898 872 non
935 841 1015 873 dixit
1050 840 1252 884 Apostolus,
1287 847 1320 870 ut

191 905 352 939 omnibus
379 902 575 936 hominibus
600 903 803 946 placeamus,
826 904 884 935 sed
910 912 946 936 ut
969 902 1209 948 provideamus
1232 901 1320 933 bona

191 980 307 1000 coram
341 964 499 997 omnibus
530 962 742 1003 hominibus,
781 963 897 1009 hot—⁸)
931 973 995 1004 est,
1033 972 1072 996 ut
1099 974 1234 1004 agamus
1262 974 1320 995 nos

190 1029 285 1060 bona
310 1039 427 1059 coram
453 1024 612 1058 omnibus
637 1023 845 1065 hominibus,
869 1024 936 1058 sive
960 1024 1026 1058 illis
1048 1025 1215 1069 placeant,
1239 1035 1320 1068 quae

190 1090 284 1121 bona
309 1096 396 1127 sunt,
419 1087 486 1120 sive
510 1100 581 1119 non
612 1087 779 1131 placeant.

282 1149 336 1183 21.
361 1148 468 1193 ‚,Si⁹)
493 1148 654 1193 possibile
679 1157 736 1188 est,
759 1148 854 1192 quod
878 1160 916 1180 ex
931 1148 1025 1181 vobis
1041 1156 1098 1188 est,
1124 1161 1202 1181 cum
1215 1145 1320 1180 omni-

191 1212 256 1244 bus
280 1210 476 1243 hominibus
499 1223 618 1255 pacem
647 1210 840 1244 habentes.“
898 1209 1015 1243 Sciens
1039 1210 1242 1255 Apostolus,
1264 1221 1320 1253 pa-

195 1286 278 1314 cem,
302 1272 390 1305 inter
414 1285 500 1316 quos
530 1285 595 1316 pax
620 1271 781 1312 liabetur,
814 1284 886 1304 non
912 1284 949 1304 ex
980 1285 1048 1306 una
1077 1281 1184 1317 parte,
1207 1272 1266 1305 sed
1290 1283 1320 1305 ex

290 1433 324 1478 ¹)
348 1433 438 1466 Edd.
455 1433 611 1466 Merlini:
626 1431 873 1476 respiciendum
889 1441 935 1464 est
947 1444 1083 1476 semper
1096 1433 1137 1465 ad
1156 1435 1254 1464 eum“
1267 1440 1317 1464 etc

287 1489 325 1533 ²)
351 1489 420 1523 Cfr.
457 1489 558 1521 Deut.
599 1488 752 1527 XXXII,
785 1488 838 1521 35.
871 1488 948 1520 coll.
983 1488 1084 1520 Rom.
1109 1487 1186 1528 XII,
1207 1488 1261 1525 19.
1286 1506 1320 1512 —

194 1536 282 1570 Edd.
308 1535 459 1567 Mcrlini:
487 1543 518 1567 et
542 1545 603 1574 ego
629 1532 816 1565 retribuam
842 1542 903 1566 etc.

289 1591 325 1634 ³)
350 1590 451 1622 Rom.
476 1590 553 1629 ΧΠ,
578 1590 631 1623 17.

290 1646 326 1690 ⁴)
354 1645 414 1679 Sic
448 1658 566 1678 omnes
598 1645 676 1678 Mss.
707 1653 738 1676 et
769 1643 940 1678 Rabanus.
994 1644 1087 1678 Editi
1117 1657 1197 1678 vero
1231 1644 1277 1689 (e.
1302 1657 1318 1677 c

197 1693 273 1726 edd.
301 1691 386 1734 M.):
423 1691 666 1730 „Providentes
696 1690 790 1722 bona
819 1703 891 1722 non
920 1699 1051 1722 tantum
1092 1702 1207 1723 coram
1240 1690 1320 1722 Deo,

196 1740 254 1772 sed
280 1737 379 1770 etiam
404 1749 519 1768 coram
545 1735 704 1767 omnibus
729 1734 934 1768 hominibus.
981 1734 1107 1767 Coram
1127 1734 1318 1768 hominibus

198 1783 367 1816 contraria
393 1781 474 1813 eiit“
499 1790 568 1819 ete,
592 1780 721 1813 omissis
751 1779 976 1813 intermediis:
1007 1779 1189 1819 „omnibus
1220 1779 1320 1812 homi·

196 1829 297 1861 nibus
320 1827 477 1871 providet
500 1826 573 1869 quis
597 1826 705 1865 bona,
739 1826 766 1858 si
796 1838 868 1858 non
892 1826 1023 1869 placeat
1045 1825 1254 1867 singulorum
1279 1824 1320 1856 ve]

196 1872 299 1911 vitiis,
332 1872 381 1903 vel
413 1871 577 1903 moribus.
626 1871 821 1913 Alioquin.“
859 1870 938 1902 Mss.
969 1869 1137 1914 plerique:
1172 1882 1263 1909 „non
1294 1877 1320 1901 u!

197 1918 331 1968 pl-aceat
360 1916 421 1960 (al.
446 1925 485 1947 uc
513 1927 586 1948 non
611 1914 782 1960 placeat)
812 1914 1045 1957 singulorum“
1078 1923 1137 1948 ete.
1186 1915 1255 1948 Sed
1278 1925 1320 1947 re-

200 1962 283 1995 ctius
308 1961 391 1994 Msc.
419 1961 496 2003 Reg.
522 1974 615 1993 num.
640 1960 735 1994 1639.
760 1960 855 1992 utin
880 1969 979 1992 textu.
1003 1960 1043 1993 R.

293 2016 329 2060 ⁵)
356 2015 464 2049 Galat.
489 2016 514 2055 I,
538 2018 591 2051 10.
686 2015 723 2059 ὓ)
746 2015 836 2049 Edd.
859 2015 1011 2048 Merlini:
1036 2028 1075 2048 ac
1098 2028 1244 2049 morum.

293 2074 326 2116 7)
353 2071 445 2104 Editi
471 2071 519 2115 (v.
545 2085 571 2104 c.
596 2071 673 2103 edd.
696 2070 784 2114 M.):
809 2073 1011 2115 „quomodo
1037 2085 1108 2105 nou
1132 2071 1214 2105 dixit
1236 2072 1320 2115 Apo-

199 2119 315 2158 stolus,
338 2116 535 2150 hominibus
559 2117 764 2160 placeamus,
789 2117 868 2150 sed“
895 2127 954 2150 etc.
980 2117 1020 2150 R.

296 2174 334 2218 ⁸)
356 2173 419 2206 Ed.
444 2172 492 2204 M.
518 2173 550 2205 I:
574 2172 663 2212 „hoc
689 2181 735 2205 est
758 2172 886 2216 agimus
908 2176 993 2207 ιιοειι
1021 2181 1102 2214 etc„
1135 2172 1185 2206 ed.
1209 2170 1257 2204 M.
1280 2168 1320 2202 II¹

199 2220 289 2260 „hoc
314 2229 362 2258 est
384 2230 518 2260 agamus
542 2222 627 2251 nos“
651 2227 711 2252 etc.

293 2275 330 2319 ⁹)
353 2275 454 2309 Rom.
479 2274 557 2316 XII,
581 2274 633 2310 18.
