1377 2454
344 64 695 99 COMMENTAmoRUM
719 63 792 96 Lm.
818 63 875 96 VI.
1136 63 1180 97 75

49 156 128 201 ιη’)
159 163 300 200 propter
330 153 613 201 justificationem.
661 152 768 195 Quod
795 151 821 185 si
847 150 991 196 Spiritus
1016 150 1097 197 ejus,
1122 151 1179 196 qui

49 216 214 251 suscitavit
230 217 347 249 Jcsum
367 229 383 248 a
403 214 554 254 mortuis,
582 213 711 247 habitat
734 213 769 247 in
793 213 905 246 vobis:
932 213 988 257 qui
1013 213 1181 246 suscitavit

50 277 265 322 Christum²)
291 291 308 310 a
333 277 490 317 mortuis,
522 275 701 309 vivificabit
734 284 766 308 et
789 274 946 307 mortalia
971 285 1077 308 vestra
1102 289 1179 308 cor-

44 353 139 384 pora,
161 349 303 384 propter
326 339 568 372 inhabitantem
594 337 758 382 Spiritum
778 335 848 382 ejus
864 336 898 368 in
918 336 1044 369 vobis.“
1071 337 1180 380 Quod

46 401 276 434 constantibus
311 410 343 433 et
367 399 538 433 dialectica
562 408 634 432 arte
658 398 807 431 collectis
832 407 946 431 utatur
979 398 1178 445 syllogismis

46 464 230 507 Apostolus
262 462 386 494 Paulus
418 462 468 494 vel
494 461 529 493 in
558 461 625 493 hoc
655 460 744 499 loco,
782 460 834 492 vel
867 459 901 492 in
927 459 998 492 aliis
1029 460 1179 504 epistolis

46 523 122 563 suis,
145 537 216 556 non
241 523 324 556 mihi
348 536 438 556 nunc
451 522 486 567 3)
512 522 751 566 exponendum
769 521 911 560 videtur,
934 534 978 553 ne
995 521 1084 554 forte
1107 535 1179 554 non

45 594 113 617 tam
138 584 292 617 scientiae
305 583 340 629 ⁴)
365 582 445 629 ejus,
470 597 571 627 quam
595 583 770 622 sermonis,
796 583 831 615 in
859 596 927 627 quo
952 596 1025 615 non
1049 583 1121 615 vult
1145 597 1179 616 se

46 646 190 691 peritum
217 645 292 684 dici,
318 654 497 677 assertores
520 644 696 677 videamur
720 658 804 677 esse:
838 644 918 688 et⁵)
943 643 1022 677 ideo
1047 658 1177 689 propo-

45 707 97 741 siti
121 706 223 749 magis
248 706 384 750 capituli
409 719 543 738 sensum
569 707 735 739 discutere
758 705 1028 751 properabimus.
1059 707 1097 738 In
1123 720 1178 755 su7

44 767 250 813 pedoribus,
282 767 341 800 ubi
374 766 470 799 dixit:
502 781 582 807 „vos
594 767 629 812 6)
660 777 772 800 autem
805 767 840 800 in
871 780 971 800 carne
994 780 1066 799 non
1092 767 1178 806 estis,

44 830 104 862 sed
132 829 166 862 in
191 829 327 874 spiritu:
360 828 386 861 si
420 838 533 862 tamen
564 829 708 874 Spiritus
732 828 800 862 Dei
831 829 959 861 habitat
982 828 1015 861 in
1042 828 1180 862 vobis:“

44 890 170 935 duplici
194 891 319 930 modo,
352 889 433 934 quid
447 890 482 935 ⁷)
507 900 554 924 est
578 891 613 924 in
643 890 772 936 Spiritu
800 903 887 930 esse,
913 890 1177 935 explanavimus,

42 951 75 984 id
103 941 168 992 est?
196 953 248 985 vel
272 952 379 993 legem
403 965 475 984 non
498 954 684 986 secundum
717 952 864 991 literam,
900 953 958 985 sed
989 952 1178 984 secuudum

43 1012 252 1057 spiritualem
277 1026 410 1045 sensum
435 1012 636 1055 intelligere3
667 1014 719 1046 vel
744 1013 844 1046 ctiam
869 1013 1073 1046 mortificato
1100 1027 1178 1045 cor-

44 1087 138 1118 pore,
162 1073 306 1117 spirituS,
332 1082 364 1106 et
386 1087 457 1106 non
483 1074 591 1107 carnis
615 1074 744 1116 legibus
769 1074 887 1107 vivere.
922 1074 966 1106 Et
980 1088 1072 1106 nunc
1099 1088 1178 1117 crgo

47 1136 139 1179 quod
166 1134 262 1167 dicit:
289 1134 364 1179 si3)
391 1135 463 1179 quis
488 1145 600 1168 autem
625 1135 790 1180 Spiritum
817 1135 940 1168 Christi
972 1149 1043 1168 non
1069 1137 1180 1175 habet,

45 1195 98 1228 hic
123 1210 193 1228 non
219 1205 266 1228 est
290 1195 397 1241 cjus:“
423 1206 454 1228 et
478 1195 714 1242 subjungit:⁹)
740 1196 858 1241 „si¹⁰)
887 1207 999 1230 autem
1027 1197 1179 1230 Christus

46 1256 79 1289 in
106 1256 199 1289 vobis
225 1261 311 1289 cst:“
336 1257 579 1301 requirendum
607 1267 672 1297 est,
702 1267 817 1290 utrum
842 1258 1009 1291 diversum
1035 1259 1075 1291 sit
1100 1259 1178 1303 Spi-

43 1317 145 1350 ritum
178 1317 244 1350 Dei
279 1331 347 1350 esse
378 1318 413 1350 in
445 1318 576 1363 aliquo,
611 1319 724 1363 an¹¹)
756 1319 921 1364 Spiritum
953 1319 1093 1353 Christi:
1126 1320 1179 1352 vel

44 1379 144 1412 etiam
168 1378 278 1423 ipsum
305 1378 493 1418 Christum,
525 1389 582 1412 aut
606 1379 770 1424 Spiritum
797 1379 885 1426 ejus,
921 1381 979 1426 qui
1010 1381 1179 1414 suscitavit

43 1441 159 1474 Jesum
185 1454 203 1473 a
235 1440 388 1473 mortuis.
442 1442 511 1474 Sed
545 1451 710 1486 quantum
745 1443 798 1475 vel
829 1443 1178 1488 consequentiarum)

139 1556 173 1601 ¹)
198 1556 288 1589 Alias
313 1556 360 1601 (v.
386 1572 412 1590 c.
439 1557 472 1590 in
498 1559 575 1593 edd.
598 1559 685 1604 M.):
713 1559 845 1599 „vivit.“
870 1562 912 1595 R.

135 1613 171 1657 ²)
195 1614 258 1647 Ed.
282 1613 389 1645 Ruaei
413 1614 501 1646 sola:
527 1615 644 1647 Jesum
672 1615 852 1651 Christum.

134 1668 170 1713 ³)
196 1670 301 1701 Deest
324 1668 359 1701 in
384 1669 479 1703 editis
503 1671 553 1715 (v.
577 1685 603 1704 c.
627 1671 673 1704 in⁷
689 1673 764 1705 edd.
789 1673 874 1718 M.):
900 1677 1043 1713 „nunc.“
1068 1674 1109 1706 R.

134 1724 171 1767 ⁴)
195 1725 287 1757 Editi
312 1725 359 1771 (V.
386 1739 412 1758 c.
437 1727 513 1760 edd.
537 1727 622 1772 M.):
646 1729 882 1768 ,‚sententiae.“
916 1730 956 1763 R.
980 1752 1024 1759 —
1050 1729 1119 1763 Cfr.
1144 1730 1178 1763 II,

46 1768 123 1803 Cor.
149 1770 208 1809 ΧΙ,
232 1771 261 1804 6.

136 1824 172 1869 ⁵)
196 1824 288 1857 Editi
313 1825 360 1870 (e.
385 1840 409 1859 c.
436 1827 512 1859 edd.
536 1828 626 1872 M.):
650 1838 705 1868 „et
729 1829 807 1862 ideo
833 1830 1001 1875 propositi
1032 1831 1102 1876 (ed.
1127 1832 1177 1864 Μ.

45 1868 365 1920 ΙΙιΡνοροψίιιινη)
390 1872 493 1913 magis
520 1874 674 1917 Apostoli
699 1889 834 1907 sensum
860 1875 1026 1909 discutere
1050 1891 1176 1922 propc-

44 1914 201 1949 ralumus.
247 1915 285 1947 In
309 1916 565 1960 posterioribus,
590 1919 649 1951 uhi
675 1920 776 1952 dixit“
803 1930 863 1954 etc.
889 1922 930 1954 R.

136 1968 172 2013 6)
194 1970 293 2005 Rom.
317 1972 408 2012 VIII,
431 1973 462 2006 9.

136 2024 171 2068 ⁷)
198 2026 286 2058 Alias
300 2026 348 2071 (v,
363 2041 388 2060 c.
403 2028 437 2060 iu
451 2031 526 2062 edd.
540 2030 626 2074 M.):
655 2030 816 2075 „quidem
836 2031 870 2064 in
886 2032 1004 2077 spiritu
1020 2038 1121 2067 essef‘
1136 2035 1176 2067 R.

135 2080 172 2124 8)
198 2081 298 2114 Rom.
323 2083 412 2124 Vlll,
435 2084 465 2118 9.
562 2086 598 2131 9)
622 2086 710 2120 Edd.
735 2087 892 2120 RIerlinit
919 2088 1101 2134 subjunxit.

116 2135 172 2179 ¹⁰)
197 2137 296 2170 Rom.
320 2139 410 2179 VIII,
435 2143 486 2175 10.

115 2191 171 2236 ¹¹)
196 2192 288 2225 Editi
312 2193 358 2237 (v.
385 2208 411 2228 c.
438 2198 512 2230 edd.
538 2199 621 2243 M.):
646 2213 703 2239 „ac
728 2199 882 2244 spiritum
911 2199 1065 2232 Christi.“
1089 2200 1129 2232 R.

115 2247 171 2292 ¹²)
195 2248 287 2281 Editi
312 2250 358 2292 (e.
384 2264 409 2283 c.
435 2253 509 2285 cdd.
536 2254 620 2299 M.):
645 2257 937 2301 „co11sequentia.“
962 2257 1002 2288 Px..
