1320 2444
151 83 221 119 330
426 82 605 118 OmGEms
628 92 666 119 m
688 84 752 118 Er.
775 95 823 119 AD
849 86 1029 123 ROMANos

154 174 407 209 ordinationem
435 173 583 219 Spiritus
611 175 733 209 sancti:
770 177 982 224 quoniamst)
1015 180 1152 225 quidem
1189 173 1320 217 ceter-31¹

153 238 296 272 crimina
319 237 446 271 saeculi
467 237 598 279 legibus
623 236 848 279 vindicantur,
873 249 904 272 et
927 243 1136 287 superfluum
1160 243 1298 277 videba-

152 311 208 334 tur
235 313 321 341 esse,
345 313 383 333 ea
408 313 501 332 nunc
526 298 641 332 divina
663 300 736 342 lege
760 301 957 345 prohiberi,
981 317 1067 348 quae
1089 303 1299 339 sufficienter

152 365 304 397 humana
329 363 401 405 lege
424 361 630 407 plectuntur,
653 361 711 395 illa
735 363 819 402 sola,
844 364 886 396 de
901 364 1023 409 quibus
1038 365 1123 399 nihil
1149 367 1298 400 humana

151 427 204 459 lex
229 425 367 465 dixerat,
392 432 424 457 et
448 436 535 468 quae
559 423 717 466 religioni
740 425 944 458 videbantur
962 428 1154 467 convenire,
1180 429 1297 461 decer—

152 489 212 522 nit.
258 487 308 520 Ex
341 500 411 531 quo
437 495 596 531 apparet,
636 484 786 533 judicem
800 484 837 532 ²)
869 488 993 522 mundi
1024 498 1157 534 partem
1191 489 1296 522 maxi-

151 564 244 583 mam
268 548 335 582 Dei
359 547 439 590 legis
463 547 616 594 implere.
665 547 794 582 Omnia
821 548 910 582 enim
937 549 1089 591 crimina,
1115 564 1202 595 quae
1225 551 1297 584 viu-

152 612 258 646 dicari
282 611 354 644 vult
376 610 488 650 Deus,
520 623 594 644 non
617 622 680 655 per
704 610 861 645 antistites
887 620 919 645 et
942 612 1114 657 principes
1139 613 1295 646 ecclesia-

150 688 245 714 rum,
275 674 331 708 sed
363 686 427 718 per
456 671 578 705 mundi
614 671 764 718 judicem
777 672 814 717 3)
837 674 946 707 voluit
968 673 1149 708 vindicari:
1174 683 1206 707 et
1230 675 1298 707 hoe

149 737 258 771 sciens
283 736 419 775 Paulus,
443 744 533 768 recte
557 746 634 767 eum
666 734 857 768 ministrum
882 735 950 769 Dei
973 736 1141 776 nominat,
1154 736 1191 780 4)
1216 736 1297 778 et⁵)

150 799 320 833 vindicem
344 797 380 830 in
401 810 490 836 eum,
515 795 574 840 qui
598 798 694 841 quod
718 797 847 830 malum
870 807 917 831 est
942 797 1018 839 agit.
1054 798 1163 841 Quod
1176 797 1212 841 6)
1237 812 1298 831 au-

150 871 218 894 tem
244 860 325 894 dicit
349 860 392 892 de
415 867 598 904 potestate:
623 860 697 898 „fae
711 859 747 904 7)
772 860 865 904 quod
897 860 1029 893 bonum
1055 868 1112 899 est,
1137 869 1168 892 et
1192 859 1298 891 habe-

149 923 202 957 bis
226 924 365 956 laudem
399 934 437 953 ex
473 925 550 953 ea:“
582 919 728 965 altiu38)
760 920 1003 965 requirendum
1036 921 1122 954 mihi
1152 921 1294 954 videtur.

150 986 231 1018 Non
272 984 364 1017 enim
397 983 610 1015 consuetudo
643 991 691 1016 est
719 982 942 1027 potestatibus
973 983 1116 1023 saeculi,
1154 983 1295 1015 laudare

149 1048 224 1086 hos,
249 1046 308 1091 qui
333 1058 405 1078 non
437 1044 564 1077 fuerint
595 1043 781 1077 criminosi.
828 1046 918 1078 Nam
946 1053 1123 1088 peccantes
1155 1043 1295 1089 quidem

148 1109 317 1155 puniunt,
353 1121 425 1140 non
456 1115 635 1151 peccantes
666 1119 746 1139 vero
772 1105 914 1139 laudare
935 1105 975 1139 iis
999 1119 1074 1139 mos
1098 1107 1212 1139 nullus
1237 1115 1293 1140 est.

149 1173 220 1207 Sed
245 1171 437 1208 videamus,
460 1181 504 1201 ne
528 1169 616 1201 sorte
638 1167 782 1208 Paulus,
806 1168 906 1201 etiam
932 1181 1009 1200 cum
1034 1167 1176 1201 moralia
1202 1168 1295 1201 vide-

148 1244 205 1267 tur
229 1234 364 1270 docere,
388 1231 536 1264 inserere
559 1242 694 1274 semper
711 1229 810 1262 etiam
827 1230 870 1262 de
888 1229 1051 1277 mysteriis
1076 1229 1205 1274 aliquid
1221 1243 1292 1262 non

151 1295 294 1330 omittat.
338 1291 474 1326 Etenim
488 1291 525 1335 ⁹)
549 1290 676 1331 sciens,
714 1292 811 1335 quod
834 1304 984 1332 ‚‚0mnes‚
999 1291 1056 1336 ¹⁰)
1082 1291 1140 1337 qui
1164 1291 1200 1324 in
1222 1292 1294 1334 lege

245 1389 280 1434 ¹)
306 1388 398 1421 Editi
421 1388 468 1430 (ν.
504 1401 531 1419 c.
564 1387 639 1419 edd.
673 1385 760 1429 M):
792 1386 978 1430 „quoniam
1012 1386 1148 1431 quidem
1184 1395 1294 1420 celena

150 1436 292 1471 crimina
315 1433 440 1467 saeculi
465 1432 593 1474 legibus
617 1430 830 1482 judicantur,
864 1440 895 1464 et
918 1433 1128 1475 supetssnum
1155 1432 1293 1464 κίὼῑίω-

147 1493 204 1516 1111
227 1494 265 1514 en
289 1491 381 1512 nunc
409 1477 523 1510 divina
555 1478 626 1518 lege
650 1476 852 1520 ptohibere‚
888 1489 974 1520 quae
997 1477 1205 1509 susach-mei
1229 1477 1293 1509 hu-

148 1540 250 1560 mana
274 1526 347 1567 lege
371 1524 584 1567 plectuntur:
588 1502 665 1553 Dilla
688 1522 780 1560 sola,
816 1523 858 1554 de
886 1521 1009 1565 quibus
1033 1521 1118 1553 nihil
1143 1523 1292 1554 humana

148 1575 201 1607 lex
227 1568 546 1609 dixe1a2,1eligi0ni
571 1567 675 1618 (Mse-
700 1565 781 1606 Reg.
805 1567 1014 1600 num.1639.
1039 1566 1093 1599 hie
1118 1567 1212 1599 addit
1236 1575 1292 1599 ta-

149 1618 250 1659 men)
274 1615 452 1648 videbatur
477 1611 659 1645 convenite
683 1612 867 1644 decernere
891 1611 1090 1656 (batumum
1115 1611 1292 1658 decerni)

148 1664 197 1698 Ex
223 1665 315 1708 quo“
339 1670 400 1692 etc.
428 1658 466 1690 R.

241 1719 279 1761 2)
304 1717 393 1750 Edd.
418 1712 575 1746 Merlini:
599 1710 739 1758 judices.

241 1775 281 1819 ³)
306 1773 397 1806 Alias
420 1772 468 1816 (v.
494 1783 521 1803 c.
545 1769 581 1802 in
607 1770 684 1802 edd.
707 1768 799 1812 MA)
823 1767 1003 1814 „ju‹]iccs.“
1028 1768 1067 1801 R.

242 1830 279 1876 ⁴¹)
307 1830 378 1863 Cfr.
405 1828 507 1861 Rom.
529 1826 625 1865 XIII,
648 1826 681 1859 4.

244 1888 281 1932 5)
305 1886 398 1920 Edit}
422 1885 469 1927 (V.
496 1897 523 1917 c.
549 1884 625 1916 edd.
650 1882 736 1926 MA)
761 1890 817 1924 „et
840 1880 1040 1927 judicemin
1058 1886 1158 1915 eum“
1175 1892 1233 1915 etc
1252 1882 1288 1916 R.

242 1944 280 1989 ὃ)
302 1942 395 1975 Editi
427 1942 475 1985 (e.
501 1954 527 1973 c.
552 1940 628 1972 cdd.
654 1938 742 1982 M),
775 1948 805 1971 et
837 1938 1106 1982 Mss.quida1·1:
1135 1940 1199 1979 „Et
1224 1942 1288 1972 hoc

150 1992 245 2038 quod
265 1974 353 2021 dicit
376 1988 418 2019 dc
442 1989 630 2030 potestate“
655 1993 716 2017 etc.
765 1985 834 2016 Sed
859 1983 943 2018 Msc.
969 1985 1049 2026 ch.
1073 1999 1168 2018 num.
1194 1985 1288 2020 1639

151 2048 181 2072 et
206 2036 368 2069 Rabanus
392 2041 429 2064 ut
452 2045 487 2063 m
512 2040 629 2063 nostro
655 2038 753 2062 textu.
780 2030 819 2062 R.

243 2091 280 2136 7)
306 2090 406 2122 Rom.
432 2086 537 2126 XIII,
567 2087 598 2120 3.
632 2105 674 2111 ——-
707 2086 794 2118 Edd.
829 2086 876 2119 Μ.
902 2096 933 2119 et
957 2086 996 2120 R.
1022 2088 1089 2120 hoc
1114 2088 1205 2126 loco,
1229 2088 1286 2119 esr.

152 2156 184 2186 p„
207 2138 285 2172 328.
312 2145 384 2168 not.
409 2133 474 2172 10.,
498 2142 535 2164 ut
558 2144 621 2164 nos
645 2131 678 2163 in
704 2140 804 2165 textit.

244 2195 281 2237 8)
306 2193 396 2225 Edd.
421 2187 576 2222 Merlini:
603 2187 699 2220 altius
723 2188 806 2220 mihi
832 2188 1073 2233 requirendum
1101 2189 1236 2221 videtur.

246 2249 284 2293 9)
309 2249 366 2281 Sic
399 2258 515 2279 onmes
538 2244 620 2277 ¹Mss.
645 2244 768 2283 nostri,
801 2254 831 2276 et
866 2244 944 2277 editi
968 2245 1015 2287 (v.
1042 2258 1068 2277 c.
1094 2245 1168 2277 cdd.
1194 2243 1287 2276 Mer-

151 2297 240 2339 lini).
290 2294 451 2327 [tabanus
473 2303 573 2323 vero:
599 2290 719 2330 „ctiam
745 2289 873 2323 seiens“
898 2299 956 2322 etc.
984 2289 1021 2321 Ρι.

226 2351 283 2394 ¹⁰)
306 2349 409 2382 Rom.
436 2347 477 2387 ll,
502 2347 551 2380 12.
577 2365 617 2372 ——
644 2345 706 2380 Ed.
734 2345 779 2378 ΜΑ
807 2345 828 2379 l.
853 2346 957 2378 male:
984 2344 1111 2383 omnis,
1143 2344 1198 2388 qui
1225 2352 1281 2376 etc.
