1377 2454
163 49 229 85 102
432 48 612 81 Omessms
635 57 673 82 m
696 47 759 82 En.
784 58 832 82 An
859 48 1039 83 Romnos
1065 38 1068 39 ⁷

164 138 209 171 ris
241 138 387 171 habetur
420 138 640 182 officium‚¹)
684 139 769 172 sicut
799 138 924 172 Daniel
954 138 1124 189 pqopheta
1157 147 1310 180 testatur,

164 214 243 233 cum
268 200 409 241 dicit‚²)
430 201 507 246 quia
533 201 754 244 archangelus
790 201 991 245 loqueretur
1004 199 1042 245 ³)
1067 201 1112 234 ad
1136 214 1226 242 eum,
1251 201 1310 246 qui

166 262 294 295 (liceret
318 262 358 303 ei,
384 263 477 307 quod
496 261 698 308 pugnaverit
717 263 895 295 adversum
909 260 1100 307 principem
1117 263 1313 304 Persarum,

167 323 248 367 εΗ)
271 323 456 368 ‚,nem0,⁵)
481 323 610 368 inquit,
646 323 711 357 fuit
734 323 819 356 mihi
842 322 1035 369 adjutoria,
1069 324 1134 359 nisi
1158 325 1310 359 Michael

166 384 326 430 princeps
365 389 505 419 vester.“
558 386 627 419 Per
650 386 734 418 haec
764 398 844 428 ergo
881 385 1011 428 singula
1045 386 1316 431 deprehenditur

166 446 378 480 rationabilis
402 457 577 488 „creatura
595 447 632 493 6)
656 447 793 480 vanitati
819 461 888 481 esse
912 446 1064 494 subjecta
1090 461 1162 481 non
1186 448 1315 489 volens,

168 509 226 541 sed
250 518 394 553 propter
418 522 506 549 eum,
533 509 591 554 qui
615 508 760 555 subjecit
784 508 819 541 in
842 512 936 553 spe.“
973 509 1058 553 Spes
1082 522 1231 554 namque
1258 519 1316 550 est,

169 572 211 603 ab
238 571 288 604 his
315 572 416 604 rebus
441 571 617 616 corporeis
631 571 667 615 ⁷)
694 580 726 604 et
742 569 1023 615 corruptibilibus
1037 570 1223 616 aliquando
1245 583 1317 604 ces-

169 632 376 677 sandum.⁸)
430 634 527 666 Hanc
560 632 650 666 enim
676 633 778 665 habet
792 632 828 676 9)
853 632 1139 677 exspectationem
1164 641 1317 666 creatura

168 693 229 726 ista
256 694 484 734 rationabilis,
520 704 557 727 ut
588 694 749 727 revelatio
782 694 840 726 fiat
874 694 1027 727 filiorum
1051 694 1136 735 Dei,
1175 702 1320 739 propter

171 769 258 800 quos
284 756 393 799 angeli
416 756 599 789 mittuntur
614 755 670 801 ¹⁰)
697 756 733 788 in
757 755 1002 797 ministerium,
1034 764 1072 788 ut
1095 765 1130 789 et
1153 754 1217 800 ipsi
1241 768 1320 788 cum

171 818 237 857 his,
273 817 396 862 quibus
420 817 716 858 ministraverunt,
752 817 996 851 haereditatem
1028 816 1164 862 capiant
1194 815 1322 871 salutis,

171 888 209 911 ut
234 878 444 912 terrestrium
480 889 513 912 et
551 879 751 912 coelestium
784 879 914 923 fiat¹¹)
946 893 1034 912 unus
1068 891 1146 921 grex
1178 888 1212 911 et
1233 891 1323 911 unus

173 950 306 984 pastor,
338 950 370 973 et
393 940 458 981 „sit
474 939 532 984 12)
564 942 659 974 Deus
685 940 800 973 omnia
824 940 860 973 in
886 940 1079 974 omnibus.“
1125 941 1171 974 Et
1193 949 1232 973 ut
1256 938 1325 972 evi·
1346 959 1349 963 ·

175 1001 311 1034 (lentius
337 1002 379 1034 de
405 1002 466 1043 his,
492 1015 579 1046 quae
605 1001 753 1042 dixerat,
786 1002 1024 1041 confirmaret,
1055 1001 1206 1035 addidit:
1238 1000 1325 1042 „sci-

174 1063 323 1104 mus¹³)
357 1063 465 1102 enim,
503 1063 667 1108 quoniam
706 1063 817 1096 omnis
849 1072 1003 1096 creatura
1041 1062 1261 1105 congemiscit
1293 1071 1327 1095 et

178 1125 342 1158 condolet
373 1137 483 1170 usque
518 1125 662 1158 adhue.“
717 1123 884 1169 Superius
908 1124 1054 1158 dixerat:
1079 1123 1328 1169 „existim0¹⁴²)

180 1186 281 1226 enim,
308 1186 471 1232 quoniam
497 1200 568 1219 non
594 1196 673 1220 sunt
698 1186 887 1228 condignae
911 1186 1085 1231 passiones
1116 1185 1217 1232 hujus
1240 1195 1328 1219 tem—

179 1248 273 1293 poris
298 1249 342 1280 ad
366 1249 517 1280 futuram
542 1247 685 1290 gloriam
695 1252 724 1281 :“
758 1257 792 1280 et
822 1261 900 1280 cum
932 1247 980 1280 ibi
1004 1261 1040 1281 se
1064 1247 1251 1281 existimare
1276 1246 1328 1280 di-

180 1309 274 1349 xci-it,
298 1309 334 1341 in
351 1309 407 1354 15)
441 1308 491 1342 his
515 1309 601 1343 scire
625 1322 659 1342 se
684 1309 781 1349 dicit,
815 1310 911 1354 quod
937 1309 1047 1343 omnis
1073 1318 1226 1343 creatura
1245 1321 1329 1342 con·

280 1453 314 1498 ¹)
339 1454 445 1487 Deest
468 1454 503 1487 in
530 1454 624 1488 libris
649 1463 747 1488 antea
782 1453 877 1487 editis
909 1455 956 1499 (v.
982 1468 1008 1487 c.
1035 1454 1111 1488 edd.
1140 1454 1225 1500 M.):
1255 1455 1330 1496 „of-

185 1498 331 1532 ficium.“
356 1500 396 1532 R.

279 1554 316 1599 2)
341 1555 478 1590 Daniel.
502 1555 547 1594 X,
572 1556 625 1589 13.
718 1556 757 1600 3)
781 1555 870 1589 Edd.
895 1555 1052 1590 Merlini:
1078 1554 1241 1601 loquitur.

280 1611 316 1655 ¹²)
342 1612 477 1646 Daniel.
500 1612 544 1651 X,
567 1613 621 1645 21.

280 1668 314 1710 5)
339 1668 433 1701 Editi
466 1669 512 1713 (v.
539 1681 565 1701 c.
591 1668 667 1701 edd.
693 1667 779 1713 ΜΛ)
810 1677 865 1707 „et
895 1679 1019 1706 nem0,
1049 1666 1177 1712 inquit,
1208 1667 1272 1702 suit
1295 1669 1331 1702 in

188 1712 402 1758 adjutorium
427 1715 488 1758 (al.
504 1711 589 1758 fuit
619 1712 709 1746 mihi
735 1712 906 1757 adjutor)
930 1712 1014 1745 nisi“
1040 1722 1099 1746 etc.
1123 1713 1165 1746 R.

280 1769 317 1812 6)
343 1770 440 1802 Rom.
469 1771 559 1810 VHl,
584 1771 639 1804 20.
664 1789 708 1795 ——-
739 1769 828 1801 Edd.
860 1769 912 1801 M.
944 1777 976 1800 et
999 1768 1040 1801 R.
1066 1768 1132 1801 hoc
1157 1769 1248 1810 loco,
1272 1770 1333 1804 cfr.

187 1827 261 1859 pag.
285 1815 338 1848 99.
362 1825 432 1848 not.
460 1817 510 1850 10.
535 1816 613 1848 coll.
638 1829 670 1860 p.
695 1814 748 1848 93.
768 1822 840 1846 not.
855 1815 887 1847 2.
912 1812 992 1857 „qui
1017 1812 1162 1858 subjecit
1183 1815 1219 1847 in
1243 1819 1332 1860 spe.“

287 1870 322 1914 7)
348 1871 412 1902 Ed.
438 1871 486 1904 M.
510 1871 542 1903 l:
569 1870 723 1915 corporis
750 1879 782 1902 et
807 1868 1039 1913 corruptibilis
1064 1869 1261 1914 aliquando.

284 1927 321 1970 ¹⁵³)
348 1927 411 1959 Ed.
435 1928 485 1959 M.
512 1927 560 1959 Il:
586 1925 747 1960 cessandi.
827 1925 864 1969 9)
888 1925 978 1958 Edd.
1002 1925 1160 1960 Nlerlini:
1185 1928 1334 1961 haberet.

263 1983 319 2026 Ι0)
346 1984 450 2015 Hebr.
476 1984 498 2023 l,
524 1984 576 2017 1¹1.
678 1982 733 2025 Η)
758 1981 818 2014 Εν.
843 1982 969 2014 Joann.
994 1982 1038 2021 X,
1065 1982 1118 2016 16.

265 2038 322 2081 ¹²)
348 2040 361 2071 l
389 2039 469 2072 Cor.
494 2039 570 2078 XV,
594 2040 646 2074 28.
745 2037 802 2083 13)
828 2038 927 2072 Rom.
952 2038 1045 2077 VIH,
1069 2038 1124 2071 22.

268 2095 324 2139 ¹⁴)
350 2096 451 2128 Rom.
476 2096 569 2135 Vlll,
594 2096 645 2129 18.

269 2152 324 2193 ¹5)
349 2151 440 2184 Editi
475 2151 521 2195 (v,
555 2164 582 2185 c.
616 2152 692 2183 edd.
725 2150 812 2193 M.):
838 2159 895 2201 pe*
929 2150 963 2182 in
995 2149 1043 2183 his
1077 2149 1160 2182 scire
1185 2163 1220 2182 se
1244 2149 1336 2188 dixit.

199 2197 291 2240 quod
338 2197 448 2229 omnis
492 2205 643 2229 creatum
693 2194 910 2238 congennscit
959 2205 992 2227 st
1033 2195 1196 2228 condolet
1230 2208 1338 2239 usque

198 2243 341 2274 adhuc.“
369 2243 405 2274 l'n.
