1320 2444
138 59 206 95 361
407 58 588 92 Omessms
617 66 655 92 m
678 57 741 91 Ep,
766 64 813 91 An
841 57 1021 92 RomAuos

1315 0 1320 28 ἱ

1317 79 1320 103 1

139 148 253 183 monis
277 148 553 189 „communicav‘
584 147 696 181 habet.
743 147 814 181 Sed
848 157 881 181 et
903 148 939 181 in
962 148 1102 182 Actibus
1127 149 1280 195 Aposto'-
1319 146 1320 151 ¹

139 212 254 244 lorum
278 210 453 244 Dominus
485 210 566 243 dicit
598 212 642 244 ad
668 210 828 243 Petrum:
860 210 1028 255 ‚‚quod¹)
1061 210 1155 244 Deus
1179 225 1280 244 mun-

142 273 247 313 davit,
285 281 320 305 tu
353 284 538 304 commune
570 284 614 303 ne
645 271 798 305 dixeris.“
856 271 946 305 Puto
973 285 1052 314 ergo
1077 272 1158 305 inde
1182 287 1280 306 usum

140 333 241 379 hujus
265 334 430 368 sermonis
455 342 651 372 assumtum,
675 342 712 366 ut
737 332 826 377 quia,
849 333 944 366 verbi
958 333 1071 376 gratia,
1095 347 1171 368 vasa
1195 343 1281 367 tem-

140 397 190 441 pli
213 395 399 429 ministerio
423 403 610 437 scgregata,
642 408 717 428 vasa
748 393 819 428 sine
851 394 958 427 dubio
985 395 1129 428 Domini
1154 397 1281 441 apella-

140 460 282 498 bamur,
320 459 363 491 ad
396 458 521 490 horum
554 465 666 489 autem
700 455 951 490 distinctionem
967 456 1004 502 ²)
1045 457 1175 501 reliqua
1204 471 1281 492 vasa

142 520 339 554 communia
364 518 582 552 dicebantur:
613 518 658 551 ita
691 527 721 551 et
752 519 795 552 ad
832 518 990 551 ciborum
1019 519 1282 560 distinctionem,

141 596 281 621 corum,
313 594 398 626 quos
430 580 525 625 quasi
548 581 694 613 mundos
728 589 759 612 et
783 581 970 613 secundum
996 581 1103 622 legem
1130 583 1281 615 edendos

143 644 320 688 Scriptura
343 643 542 684 segregavit,
579 641 701 686 reliqui
734 654 852 675 omnes
884 655 1084 676 communes
1118 643 1281 688 appellati

140 715 227 739 sunt.
275 705 344 738 Sed
367 704 491 738 Judaei
513 703 631 748 vim³)
658 704 752 736 verbi
776 704 980 746 ignorantes,
1004 705 1097 737 unde
1123 718 1280 738 commu-

141 768 194 800 nis
219 767 387 800 diceretur
417 766 542 807 homo,
574 780 676 811 quem
710 779 930 799 communem
956 767 1184 810 appellabant,
1209 780 1278 800 ser-

141 829 254 862 monis
292 842 390 861 usum
432 828 505 861 sine
541 827 794 870 significationis
831 826 1049 868 intelligentia
1088 837 1279 862 tenuerunt.

139 892 261 936 Neque
285 890 375 923 enim
388 889 424 934 ⁴)
443 890 520 929 cibi,
545 903 630 934 quos
654 889 748 922 Deus
775 889 905 928 creavit,
930 899 987 937 aut
1004 889 1200 930 ignoranter
1223 900 1281 924 aut

139 953 340 997 simpliciter
361 951 464 986 sumti
487 964 707 984 communem
731 951 843 983 facere
866 938 1042 982 honiinem
1067 959 1225 995 poterant
1249 961 1282 985 et

140 1015 379 1055 immundum3
402 1014 461 1046 sed
484 1026 579 1046 mens
602 1013 660 1045 illa
685 1011 846 1051 hominis,
871 1024 957 1056 quae
981 1011 1058 1045 Deo
1082 1013 1147 1045 soli
1169 1025 1280 1055 segre-

141 1086 215 1118 gata
241 1085 305 1116 cst,
337 1074 458 1108 merito
492 1076 622 1108 munda
647 1073 856 1119 appellatur:
891 1086 978 1117 quae
1006 1086 1086 1106 vero
1119 1074 1226 1107 aliena
1260 1087 1278 1107 a

140 1139 219 1172 Deo
246 1147 302 1178 est,
327 1138 491 1182 quoniam
524 1150 596 1169 non
628 1137 671 1169 ab
703 1149 775 1169 uno
800 1135 919 1180 spiritu
945 1136 1146 1175 immundo,
1175 1137 1234 1169 scd
1259 1150 1278 1169 a

140 1200 296 1247 plurimis
310 1198 345 1244 ⁵)
370 1199 572 1244 possidetur,
606 1196 733 1231 idcirco
759 1197 832 1230 talis
866 1197 973 1230 homo
1000 1197 1192 1230 communis
1218 1212 1279 1242 ap-

140 1264 299 1307 pellatur,
323 1261 417 1305 quasi
442 1261 500 1305 qui
524 1260 712 1292 multorum
740 1258 829 1302 site)
853 1260 905 1292 vel
929 1258 1098 1299 vitiorum,
1122 1260 1173 1292 vel
1198 1261 1278 1292 dae-

139 1338 285 1357 monum
301 1336 426 1362 servus‚
441 1323 628 1356 secundum
642 1321 749 1360 illum,
770 1321 828 1365 qui
842 1319 1086 1363 interrogatus:
1108 1323 1225 1366 „quod
1241 1323 1277 1366 ⁷)

140 1387 204 1419 ‘tibi
227 1398 357 1418 nomen
382 1383 453 1417 est?
479 1383 670 1428 respondit:
696 1383 800 1424 legio:
835 1382 934 1415 multi
957 1383 1047 1415 enim
1070 1388 1224 1416 sumus:“
1245 1393 1277 1417 et

140 1449 329 1482 secundum
353 1446 449 1484 illud,
474 1445 568 1489 quod
599 1458 617 1478 a
644 1444 817 1477 salvatore
842 1444 980 1484 dicitur,
1014 1444 1092 1490 quia
1125 1447 1275 1487 „eum⁸)

142 1509 257 1543 exierit
294 1506 542 1549 immundus9)
582 1505 718 1550 spiritus
758 1506 800 1538 ab
840 1506 998 1546 homine,
1038 1506 1157 1539 circuit
1198 1508 1276 1541 loca

142 1572 248 1610 arida,
274 1582 438 1615 quaerens
455 1567 626 1612 requiem:
652 1577 684 1599 ct
708 1581 779 1600 non
802 1567 976 1601 inveniens
1000 1568 1102 1601 redit:
1128 1578 1161 1601 et
1183 1569 1276 1602 iuve-

141 1634 238 1667 niens
260 1634 402 1665 domum
425 1638 601 1663 vacantem
635 1638 667 1662 et
696 1629 808 1674 scopis
831 1631 1042 1670 mundatam,
1064 1630 1203 1663 assumit
1224 1644 1275 1664 se-

237 1767 272 1811 1)
298 1767 369 1800 Aet.
400 1766 451 1806 X,
483 1766 535 1799 15.
561 1784 602 1790 -
633 1764 723 1797 Edd.
748 1763 905 1797 Merlini:
930 1773 965 1796 tu
1003 1777 1047 1797 ne
1091 1778 1273 1799 commune

143 1813 273 1848 dixeris.

234 1868 272 1911 ²)
296 1866 388 1899 Editi
412 1866 461 1909 (v.
486 1879 511 1899 c.
539 1868 590 1900 ed.
614 1867 665 1899 M.
689 1865 749 1908 I.):
773 1864 1063 1904 ‚‚defiuitione¹n.“
1086 1866 1186 1899 Male.
1211 1867 1251 1900 R.

234 1923 272 1967 3)
296 1921 389 1955 Editi
414 1922 460 1965 (c.
476 1936 501 1954 c.
522 1923 598 1955 edd.
616 1922 699 1965 M.):
712 1920 801 1961 „vim
816 1920 909 1954 verbi
924 1921 989 1954 Dei
1000 1921 1270 1962 ignorantes.“R.

235 1980 272 2024 ¹¹)
297 1978 517 2011 Desideratur
540 1979 575 2011 in
600 1978 695 2012 editis
719 1977 766 2022 (v.
797 1991 823 2011 c.
849 1979 925 2011 edd
950 1977 1035 2021 M.):
1063 1978 1206 2019 „enimf‘
1229 1979 1268 2011 R.

235 2037 272 2081 ⁵)
295 2036 384 2068 Edd.
408 2033 563 2067 Merlini:
587 2034 751 2078 pluribus.

234 2093 272 2136 ⁰)
297 2093 401 2125 Deest
423 2091 459 2123 in
484 2090 578 2122 editis
604 2091 651 2133 (e.
677 2103 704 2121 c.
730 2091 805 2123 edd.
829 2089 916 2134 Μ·.>;
939 2091 1032 2130 „sit.“
1055 2090 1093 2124 R.

235 2149 272 2192 ⁷)
295 2149 375 2181 Luc.
399 2146 489 2185 VIII,
511 2147 563 2180 30.
590 2146 666 2178 coll.
691 2144 798 2178 Marc.
824 2146 865 2186 V,
888 2147 918 2180 9.

234 2205 271 2248 S)
297 2204 419 2237 Matth.
443 2202 520 2242 ΧΠ,
543 2202 597 2237 43.
620 2202 672 2236 44.
696 2201 751 2235 45.

235 2260 273 2305 9)
298 2260 385 2295 Edd.
409 2258 564 2294 Merlini:
594 2257 728 2304 spiritus
752 2257 955 2293 immundus.
