<?xml version="1.0" encoding="UTF-8"?>
<!DOCTYPE html PUBLIC "-//W3C//DTD XHTML 1.0 Transitional//EN"
    "http://www.w3.org/TR/xhtml1/DTD/xhtml1-transitional.dtd">
<html xmlns="http://www.w3.org/1999/xhtml" xml:lang="en" lang="en">
 <head>
  <title>
</title>
<meta http-equiv="Content-Type" content="text/html;charset=utf-8" />
  <meta name='ocr-system' content='tesseract 3.04.00' />
  <meta name='ocr-capabilities' content='ocr_page ocr_carea ocr_par ocr_line ocrx_word'/>
</head>
<body>
  <div class='ocr_page' id='page_1' title='image "./operaomniaquaegr07orig/operaomniaquaegr07orig_0421.png"; bbox 0 0 1320 2444; ppageno 0'>
   <div class='ocr_carea' id='block_1_1' title="bbox 306 82 1137 117">
    <p class='ocr_par' dir='ltr' id='par_1_1' title="bbox 306 82 1137 117">
     <span class='ocr_line' id='line_1_1' title="bbox 306 82 1137 117; baseline 0.002 -2"><span class='ocrx_word' id='word_1_1' title='bbox 306 82 659 116; x_wconf 75' lang='lat' dir='ltr'>COMMENTARIORUM</span> <span class='ocrx_word' id='word_1_2' title='bbox 687 82 757 115; x_wconf 79' lang='lat' dir='ltr'>Lm.</span> <span class='ocrx_word' id='word_1_3' title='bbox 783 83 825 115; x_wconf 88' lang='lat' dir='ltr'>X.</span> <span class='ocrx_word' id='word_1_4' title='bbox 1070 83 1137 117; x_wconf 71' lang='lat'>403</span> 
     </span>
    </p>
   </div>
   <div class='ocr_carea' id='block_1_2' title="bbox 0 172 1138 1388">
    <p class='ocr_par' dir='ltr' id='par_1_2' title="bbox 0 172 1138 1137">
     <span class='ocr_line' id='line_1_2' title="bbox 2 172 1134 220; baseline -0.003 -12"><span class='ocrx_word' id='word_1_5' title='bbox 2 175 139 220; x_wconf 80' lang='lat' dir='ltr'>quando</span> <span class='ocrx_word' id='word_1_6' title='bbox 163 187 234 206; x_wconf 90' lang='lat' dir='ltr'>non</span> <span class='ocrx_word' id='word_1_7' title='bbox 260 183 328 206; x_wconf 85' lang='lat' dir='ltr'>tam</span> <span class='ocrx_word' id='word_1_8' title='bbox 354 175 462 207; x_wconf 84' lang='lat' dir='ltr'>verbis</span> <span class='ocrx_word' id='word_1_9' title='bbox 489 173 723 216; x_wconf 81' lang='lat' dir='ltr'><strong>interpretum,</strong></span> <span class='ocrx_word' id='word_1_10' title='bbox 747 185 849 216; x_wconf 83' lang='lat' dir='ltr'>quam</span> <span class='ocrx_word' id='word_1_11' title='bbox 874 173 1024 206; x_wconf 84' lang='lat' dir='ltr'>sensibus</span> <span class='ocrx_word' id='word_1_12' title='bbox 1042 172 1134 206; x_wconf 88' lang='lat' dir='ltr'>Scri-</span> 
     </span>
     <span class='ocr_line' id='line_1_3' title="bbox 0 233 1132 282; baseline -0.001 -14"><span class='ocrx_word' id='word_1_13' title='bbox 0 245 118 282; x_wconf 82' lang='lat' dir='ltr'>pturae</span> <span class='ocrx_word' id='word_1_14' title='bbox 149 235 197 268; x_wconf 81' lang='lat' dir='ltr'>uti</span> <span class='ocrx_word' id='word_1_15' title='bbox 231 236 300 268; x_wconf 84' lang='lat' dir='ltr'>vult</span> <span class='ocrx_word' id='word_1_16' title='bbox 328 248 386 268; x_wconf 83' lang='lat' dir='ltr'>sua</span> <span class='ocrx_word' id='word_1_17' title='bbox 420 234 654 267; x_wconf 76' lang='lat' dir='ltr'>enuntiatione</span> <span class='ocrx_word' id='word_1_18' title='bbox 685 233 834 278; x_wconf 87' lang='lat' dir='ltr'>prolatis.</span> <span class='ocrx_word' id='word_1_19' title='bbox 890 234 990 267; x_wconf 82' lang='lat' dir='ltr'>Hunc</span> <span class='ocrx_word' id='word_1_20' title='bbox 1022 244 1132 267; x_wconf 68' lang='lat' dir='ltr'>autent</span> 
     </span>
     <span class='ocr_line' id='line_1_4' title="bbox 1 295 1133 340; baseline -0.001 -11"><span class='ocrx_word' id='word_1_21' title='bbox 1 309 191 330; x_wconf 84' lang='lat' dir='ltr'>sermonem</span> <span class='ocrx_word' id='word_1_22' title='bbox 217 296 260 328; x_wconf 83' lang='lat' dir='ltr'>de</span> <span class='ocrx_word' id='word_1_23' title='bbox 285 297 397 329; x_wconf 80' lang='lat' dir='ltr'>radice</span> <span class='ocrx_word' id='word_1_24' title='bbox 422 297 514 328; x_wconf 74' lang='lat' dir='ltr'>Jesse</span> <span class='ocrx_word' id='word_1_25' title='bbox 538 296 658 328; x_wconf 83' lang='lat' dir='ltr'>melius</span> <span class='ocrx_word' id='word_1_26' title='bbox 674 295 811 340; x_wconf 87' lang='lat' dir='ltr'>quidem</span> <span class='ocrx_word' id='word_1_27' title='bbox 837 296 870 328; x_wconf 89' lang='lat' dir='ltr'>in</span> <span class='ocrx_word' id='word_1_28' title='bbox 897 296 1133 340; x_wconf 72' lang='lat' dir='ltr'>explanatione</span> 
     </span>
     <span class='ocr_line' id='line_1_5' title="bbox 0 356 1133 403; baseline -0.001 -12"><span class='ocrx_word' id='word_1_29' title='bbox 0 357 100 403; x_wconf 82' lang='lat' dir='ltr'>ipsius</span> <span class='ocrx_word' id='word_1_30' title='bbox 123 358 311 403; x_wconf 79' lang='lat' dir='ltr'>prophetae</span> <span class='ocrx_word' id='word_1_31' title='bbox 335 358 454 391; x_wconf 75' lang='lat' dir='ltr'>Esaiae</span> <span class='ocrx_word' id='word_1_32' title='bbox 478 357 582 390; x_wconf 88' lang='lat' dir='ltr'>visum</span> <span class='ocrx_word' id='word_1_33' title='bbox 600 357 633 400; x_wconf 77' lang='lat'>¹)</span> <span class='ocrx_word' id='word_1_34' title='bbox 659 366 705 390; x_wconf 84' lang='lat' dir='ltr'>est</span> <span class='ocrx_word' id='word_1_35' title='bbox 737 356 860 391; x_wconf 78' lang='lat' dir='ltr'>disseri.</span> <span class='ocrx_word' id='word_1_36' title='bbox 899 357 942 390; x_wconf 88' lang='lat' dir='ltr'>Et</span> <span class='ocrx_word' id='word_1_37' title='bbox 974 357 1008 390; x_wconf 92' lang='lat' dir='ltr'>in</span> <span class='ocrx_word' id='word_1_38' title='bbox 1034 371 1133 402; x_wconf 78' lang='lat' dir='ltr'>prae-</span> 
     </span>
     <span class='ocr_line' id='line_1_6' title="bbox 0 418 1134 463; baseline -0.002 -10"><span class='ocrx_word' id='word_1_39' title='bbox 0 420 82 454; x_wconf 82' lang='lat' dir='ltr'>senti</span> <span class='ocrx_word' id='word_1_40' title='bbox 104 428 218 453; x_wconf 79' lang='lat' dir='ltr'>tamen</span> <span class='ocrx_word' id='word_1_41' title='bbox 242 421 321 452; x_wconf 80' lang='lat' dir='ltr'>loco</span> <span class='ocrx_word' id='word_1_42' title='bbox 355 419 504 458; x_wconf 80' lang='lat' dir='ltr'>dicetur,</span> <span class='ocrx_word' id='word_1_43' title='bbox 534 419 696 463; x_wconf 88' lang='lat' dir='ltr'>quoniam</span> <span class='ocrx_word' id='word_1_44' title='bbox 722 419 814 452; x_wconf 82' lang='lat' dir='ltr'>Jesse</span> <span class='ocrx_word' id='word_1_45' title='bbox 836 419 1076 463; x_wconf 82' lang='lat' dir='ltr'>interpretatur</span> <span class='ocrx_word' id='word_1_46' title='bbox 1098 418 1134 451; x_wconf 88' lang='lat' dir='ltr'>in</span> 
     </span>
     <span class='ocr_line' id='line_1_7' title="bbox 0 480 1132 522; baseline -0.001 -8"><span class='ocrx_word' id='word_1_47' title='bbox 0 491 114 514; x_wconf 85' lang='lat' dir='ltr'>nostra</span> <span class='ocrx_word' id='word_1_48' title='bbox 136 481 266 522; x_wconf 82' lang='lat' dir='ltr'>lingna:</span> <span class='ocrx_word' id='word_1_49' title='bbox 292 492 339 515; x_wconf 82' lang='lat' dir='ltr'>est</span> <span class='ocrx_word' id='word_1_50' title='bbox 362 482 454 515; x_wconf 87' lang='lat' dir='ltr'>mihi.</span> <span class='ocrx_word' id='word_1_51' title='bbox 501 480 538 513; x_wconf 89' lang='lat' dir='ltr'>In</span> <span class='ocrx_word' id='word_1_52' title='bbox 572 482 715 513; x_wconf 79' lang='lat' dir='ltr'>adventu</span> <span class='ocrx_word' id='word_1_53' title='bbox 750 493 828 521; x_wconf 82' lang='lat' dir='ltr'>ergo</span> <span class='ocrx_word' id='word_1_54' title='bbox 856 480 979 514; x_wconf 80' lang='lat' dir='ltr'>Christi</span> <span class='ocrx_word' id='word_1_55' title='bbox 1011 482 1132 520; x_wconf 76' lang='lat' dir='ltr'>omnis,</span> 
     </span>
     <span class='ocr_line' id='line_1_8' title="bbox 1 541 1135 586; baseline 0 -12"><span class='ocrx_word' id='word_1_56' title='bbox 1 542 57 586; x_wconf 88' lang='lat' dir='ltr'>qui</span> <span class='ocrx_word' id='word_1_57' title='bbox 83 543 225 575; x_wconf 87' lang='lat' dir='ltr'>credidit</span> <span class='ocrx_word' id='word_1_58' title='bbox 249 543 297 581; x_wconf 75' lang='lat' dir='ltr'>ei,</span> <span class='ocrx_word' id='word_1_59' title='bbox 334 543 575 576; x_wconf 83' lang='lat' dir='ltr'>convenienter</span> <span class='ocrx_word' id='word_1_60' title='bbox 599 542 696 575; x_wconf 85' lang='lat' dir='ltr'>dixit:</span> <span class='ocrx_word' id='word_1_61' title='bbox 728 552 773 575; x_wconf 88' lang='lat' dir='ltr'>est</span> <span class='ocrx_word' id='word_1_62' title='bbox 798 541 891 575; x_wconf 85' lang='lat' dir='ltr'>mihi.</span> <span class='ocrx_word' id='word_1_63' title='bbox 948 543 1008 574; x_wconf 87' lang='lat' dir='ltr'>Ille</span> <span class='ocrx_word' id='word_1_64' title='bbox 1033 541 1135 582; x_wconf 84' lang='lat' dir='ltr'>enim,</span> 
     </span>
     <span class='ocr_line' id='line_1_9' title="bbox 1 604 1135 648; baseline 0.001 -13"><span class='ocrx_word' id='word_1_65' title='bbox 1 604 43 635; x_wconf 81' lang='lat' dir='ltr'>dc</span> <span class='ocrx_word' id='word_1_66' title='bbox 78 617 146 648; x_wconf 84' lang='lat' dir='ltr'>qno</span> <span class='ocrx_word' id='word_1_67' title='bbox 173 604 285 636; x_wconf 70' lang='lat' dir='ltr'>Moses</span> <span class='ocrx_word' id='word_1_68' title='bbox 322 605 468 648; x_wconf 73' lang='lat' dir='ltr'>dixitz‘2)</span> <span class='ocrx_word' id='word_1_69' title='bbox 505 605 630 648; x_wconf 62' lang='lat' dir='ltr'>‚,qui²‘)</span> <span class='ocrx_word' id='word_1_70' title='bbox 665 613 729 642; x_wconf 83' lang='lat' dir='ltr'>est,</span> <span class='ocrx_word' id='word_1_71' title='bbox 765 604 853 636; x_wconf 81' lang='lat' dir='ltr'>misit</span> <span class='ocrx_word' id='word_1_72' title='bbox 884 617 939 636; x_wconf 85' lang='lat' dir='ltr'>me</span> <span class='ocrx_word' id='word_1_73' title='bbox 971 604 1012 636; x_wconf 83' lang='lat' dir='ltr'>ad</span> <span class='ocrx_word' id='word_1_74' title='bbox 1038 608 1135 636; x_wconf 88' lang='lat' dir='ltr'>vos:“</span> 
     </span>
     <span class='ocr_line' id='line_1_10' title="bbox 0 664 1134 710; baseline 0 -14"><span class='ocrx_word' id='word_1_75' title='bbox 0 664 70 709; x_wconf 80' lang='lat' dir='ltr'>ipse</span> <span class='ocrx_word' id='word_1_76' title='bbox 96 674 141 698; x_wconf 82' lang='lat' dir='ltr'>est</span> <span class='ocrx_word' id='word_1_77' title='bbox 166 666 259 705; x_wconf 78' lang='lat' dir='ltr'>mihi,</span> <span class='ocrx_word' id='word_1_78' title='bbox 286 667 351 699; x_wconf 86' lang='lat' dir='ltr'>hoc</span> <span class='ocrx_word' id='word_1_79' title='bbox 376 676 441 706; x_wconf 85' lang='lat' dir='ltr'>est,</span> <span class='ocrx_word' id='word_1_80' title='bbox 473 666 507 699; x_wconf 89' lang='lat' dir='ltr'>in</span> <span class='ocrx_word' id='word_1_81' title='bbox 538 667 647 710; x_wconf 88' lang='lat' dir='ltr'>ipsum</span> <span class='ocrx_word' id='word_1_82' title='bbox 681 667 802 704; x_wconf 67' lang='lat' dir='ltr'>credti,</span> <span class='ocrx_word' id='word_1_83' title='bbox 835 665 941 709; x_wconf 74' lang='lat' dir='ltr'>qui⁴&gt;</span> <span class='ocrx_word' id='word_1_84' title='bbox 969 675 1031 704; x_wconf 85' lang='lat' dir='ltr'>est,</span> <span class='ocrx_word' id='word_1_85' title='bbox 1060 678 1134 698; x_wconf 86' lang='lat' dir='ltr'>non</span> 
     </span>
     <span class='ocr_line' id='line_1_11' title="bbox 0 727 1138 771; baseline 0.002 -13"><span class='ocrx_word' id='word_1_86' title='bbox 0 727 57 770; x_wconf 88' lang='lat' dir='ltr'>qui</span> <span class='ocrx_word' id='word_1_87' title='bbox 83 740 119 759; x_wconf 84' lang='lat' dir='ltr'>ex</span> <span class='ocrx_word' id='word_1_88' title='bbox 146 727 252 760; x_wconf 79' lang='lat' dir='ltr'>nihilo</span> <span class='ocrx_word' id='word_1_89' title='bbox 280 730 386 761; x_wconf 83' lang='lat' dir='ltr'>faetus</span> <span class='ocrx_word' id='word_1_90' title='bbox 411 737 467 767; x_wconf 88' lang='lat' dir='ltr'>est,</span> <span class='ocrx_word' id='word_1_91' title='bbox 492 737 528 760; x_wconf 90' lang='lat' dir='ltr'>ut</span> <span class='ocrx_word' id='word_1_92' title='bbox 551 727 662 771; x_wconf 82' lang='lat' dir='ltr'>impiis</span> <span class='ocrx_word' id='word_1_93' title='bbox 687 728 813 771; x_wconf 76' lang='lat' dir='ltr'>placet,</span> <span class='ocrx_word' id='word_1_94' title='bbox 848 728 907 759; x_wconf 86' lang='lat' dir='ltr'>sed</span> <span class='ocrx_word' id='word_1_95' title='bbox 940 727 997 771; x_wconf 87' lang='lat' dir='ltr'>qui</span> <span class='ocrx_word' id='word_1_96' title='bbox 1022 736 1078 766; x_wconf 85' lang='lat' dir='ltr'>est,</span> <span class='ocrx_word' id='word_1_97' title='bbox 1107 736 1138 758; x_wconf 89' lang='lat' dir='ltr'>et</span> 
     </span>
     <span class='ocr_line' id='line_1_12' title="bbox 0 788 1135 833; baseline -0.001 -12"><span class='ocrx_word' id='word_1_98' title='bbox 0 801 134 833; x_wconf 86' lang='lat' dir='ltr'>semper</span> <span class='ocrx_word' id='word_1_99' title='bbox 157 799 220 829; x_wconf 88' lang='lat' dir='ltr'>est,</span> <span class='ocrx_word' id='word_1_100' title='bbox 249 799 281 822; x_wconf 89' lang='lat' dir='ltr'>et</span> <span class='ocrx_word' id='word_1_101' title='bbox 312 790 378 822; x_wconf 87' lang='lat' dir='ltr'>hoc</span> <span class='ocrx_word' id='word_1_102' title='bbox 405 789 433 821; x_wconf 93' lang='lat' dir='ltr'>ei</span> <span class='ocrx_word' id='word_1_103' title='bbox 458 803 585 822; x_wconf 84' lang='lat' dir='ltr'>nomen</span> <span class='ocrx_word' id='word_1_104' title='bbox 615 798 677 821; x_wconf 86' lang='lat' dir='ltr'>est:</span> <span class='ocrx_word' id='word_1_105' title='bbox 710 798 741 821; x_wconf 79' lang='lat' dir='ltr'>et</span> <span class='ocrx_word' id='word_1_106' title='bbox 764 789 836 833; x_wconf 80' lang='lat' dir='ltr'>ipse</span> <span class='ocrx_word' id='word_1_107' title='bbox 861 798 917 828; x_wconf 90' lang='lat' dir='ltr'>est,</span> <span class='ocrx_word' id='word_1_108' title='bbox 944 788 1001 832; x_wconf 87' lang='lat' dir='ltr'>qui</span> <span class='ocrx_word' id='word_1_109' title='bbox 1024 801 1135 821; x_wconf 81' lang='lat' dir='ltr'>surre-</span> 
     </span>
     <span class='ocr_line' id='line_1_13' title="bbox 1 848 1135 896; baseline 0 -14"><span class='ocrx_word' id='word_1_110' title='bbox 1 850 92 894; x_wconf 72' lang='lat' dir='ltr'>xit5)</span> <span class='ocrx_word' id='word_1_111' title='bbox 118 864 154 884; x_wconf 87' lang='lat' dir='ltr'>ex</span> <span class='ocrx_word' id='word_1_112' title='bbox 178 851 292 884; x_wconf 87' lang='lat' dir='ltr'>radice</span> <span class='ocrx_word' id='word_1_113' title='bbox 316 851 420 890; x_wconf 88' lang='lat' dir='ltr'>Jesse,</span> <span class='ocrx_word' id='word_1_114' title='bbox 446 861 477 883; x_wconf 85' lang='lat' dir='ltr'>et</span> <span class='ocrx_word' id='word_1_115' title='bbox 501 852 535 884; x_wconf 87' lang='lat' dir='ltr'>in</span> <span class='ocrx_word' id='word_1_116' title='bbox 560 852 634 896; x_wconf 82' lang='lat' dir='ltr'>ipso</span> <span class='ocrx_word' id='word_1_117' title='bbox 662 851 787 883; x_wconf 82' lang='lat' dir='ltr'>Gentes</span> <span class='ocrx_word' id='word_1_118' title='bbox 820 850 1016 894; x_wconf 78' lang='lat' dir='ltr'>sperabunt.</span> <span class='ocrx_word' id='word_1_119' title='bbox 1064 848 1135 882; x_wconf 87' lang='lat' dir='ltr'>Pro</span> 
     </span>
     <span class='ocr_line' id='line_1_14' title="bbox 1 911 1137 957; baseline -0.002 -12"><span class='ocrx_word' id='word_1_120' title='bbox 1 925 67 957; x_wconf 82' lang='lat' dir='ltr'>qua</span> <span class='ocrx_word' id='word_1_121' title='bbox 98 912 350 952; x_wconf 78' lang='lat' dir='ltr'>misericordia,</span> <span class='ocrx_word' id='word_1_122' title='bbox 392 926 493 957; x_wconf 83' lang='lat' dir='ltr'>quam</span> <span class='ocrx_word' id='word_1_123' title='bbox 519 914 561 945; x_wconf 76' lang='lat' dir='ltr'>ab</span> <span class='ocrx_word' id='word_1_124' title='bbox 594 926 633 945; x_wconf 89' lang='lat' dir='ltr'>eo</span> <span class='ocrx_word' id='word_1_125' title='bbox 661 912 833 945; x_wconf 71' lang='lat' dir='ltr'>consecuti</span> <span class='ocrx_word' id='word_1_126' title='bbox 860 921 954 950; x_wconf 83' lang='lat' dir='ltr'>sunt,</span> <span class='ocrx_word' id='word_1_127' title='bbox 990 920 1026 943; x_wconf 91' lang='lat' dir='ltr'>ut</span> <span class='ocrx_word' id='word_1_128' title='bbox 1039 911 1076 955; x_wconf 73' lang='grc'>5)</span> <span class='ocrx_word' id='word_1_129' title='bbox 1099 911 1137 951; x_wconf 88' lang='lat' dir='ltr'>is,</span> 
     </span>
     <span class='ocr_line' id='line_1_15' title="bbox 2 973 1136 1019; baseline -0.001 -13"><span class='ocrx_word' id='word_1_130' title='bbox 2 974 59 1018; x_wconf 88' lang='lat' dir='ltr'>qui</span> <span class='ocrx_word' id='word_1_131' title='bbox 83 988 217 1019; x_wconf 79' lang='lat' dir='ltr'>semper</span> <span class='ocrx_word' id='word_1_132' title='bbox 247 983 332 1012; x_wconf 79' lang='lat' dir='ltr'>erat,</span> <span class='ocrx_word' id='word_1_133' title='bbox 376 984 569 1006; x_wconf 83' lang='lat' dir='ltr'>nasceretur</span> <span class='ocrx_word' id='word_1_134' title='bbox 600 987 636 1006; x_wconf 81' lang='lat' dir='ltr'>ex</span> <span class='ocrx_word' id='word_1_135' title='bbox 674 973 786 1006; x_wconf 80' lang='lat' dir='ltr'>radice</span> <span class='ocrx_word' id='word_1_136' title='bbox 811 973 905 1005; x_wconf 79' lang='lat' dir='ltr'>Jesse</span> <span class='ocrx_word' id='word_1_137' title='bbox 928 973 970 1005; x_wconf 90' lang='lat' dir='ltr'>ad</span> <span class='ocrx_word' id='word_1_138' title='bbox 994 973 1136 1005; x_wconf 74' lang='lat' dir='ltr'>salutem</span> 
     </span>
     <span class='ocr_line' id='line_1_16' title="bbox 2 1035 1137 1080; baseline -0.001 -12"><span class='ocrx_word' id='word_1_139' title='bbox 2 1035 169 1068; x_wconf 79' lang='lat' dir='ltr'>Gentibus</span> <span class='ocrx_word' id='word_1_140' title='bbox 194 1037 363 1074; x_wconf 81' lang='lat' dir='ltr'>dandam,</span> <span class='ocrx_word' id='word_1_141' title='bbox 389 1050 451 1080; x_wconf 87' lang='lat' dir='ltr'>pro</span> <span class='ocrx_word' id='word_1_142' title='bbox 474 1037 552 1075; x_wconf 78' lang='lat' dir='ltr'>hac,</span> <span class='ocrx_word' id='word_1_143' title='bbox 582 1037 735 1080; x_wconf 67' lang='lat' dir='ltr'>inquam,</span> <span class='ocrx_word' id='word_1_144' title='bbox 770 1035 835 1068; x_wconf 91' lang='lat' dir='ltr'>sibi</span> <span class='ocrx_word' id='word_1_145' title='bbox 860 1035 982 1067; x_wconf 84' lang='lat' dir='ltr'>collata</span> <span class='ocrx_word' id='word_1_146' title='bbox 1007 1035 1137 1067; x_wconf 82' lang='lat' dir='ltr'>miseri-</span> 
     </span>
     <span class='ocr_line' id='line_1_17' title="bbox 3 1096 914 1137; baseline -0.003 -7"><span class='ocrx_word' id='word_1_147' title='bbox 3 1097 120 1130; x_wconf 80' lang='lat' dir='ltr'>cordia</span> <span class='ocrx_word' id='word_1_148' title='bbox 145 1097 269 1129; x_wconf 80' lang='lat' dir='ltr'>Gentes</span> <span class='ocrx_word' id='word_1_149' title='bbox 295 1098 470 1130; x_wconf 81' lang='lat' dir='ltr'>honorant</span> <span class='ocrx_word' id='word_1_150' title='bbox 494 1108 525 1131; x_wconf 87' lang='lat' dir='ltr'>et</span> <span class='ocrx_word' id='word_1_151' title='bbox 549 1097 767 1137; x_wconf 67' lang='lat' dir='ltr'>magnificant</span> <span class='ocrx_word' id='word_1_152' title='bbox 790 1096 914 1128; x_wconf 88' lang='lat' dir='ltr'>Deum.</span> 
     </span>
    </p>

    <p class='ocr_par' dir='ltr' id='par_1_3' title="bbox 2 1158 1138 1388">
     <span class='ocr_line' id='line_1_18' title="bbox 92 1158 1138 1204; baseline 0.001 -14"><span class='ocrx_word' id='word_1_153' title='bbox 92 1160 123 1193; x_wconf 86' lang='grc'>9.</span> <span class='ocrx_word' id='word_1_154' title='bbox 148 1158 312 1202; x_wconf 80' lang='lat' dir='ltr'>‚‚De1·s⁷)</span> <span class='ocrx_word' id='word_1_155' title='bbox 339 1169 450 1192; x_wconf 84' lang='lat' dir='ltr'>autem</span> <span class='ocrx_word' id='word_1_156' title='bbox 484 1160 555 1204; x_wconf 87' lang='lat' dir='ltr'>spei</span> <span class='ocrx_word' id='word_1_157' title='bbox 588 1160 715 1202; x_wconf 77' lang='lat' dir='ltr'>repleat</span> <span class='ocrx_word' id='word_1_158' title='bbox 747 1171 803 1190; x_wconf 83' lang='lat' dir='ltr'>vos</span> <span class='ocrx_word' id='word_1_159' title='bbox 835 1158 930 1190; x_wconf 85' lang='lat' dir='ltr'>omni</span> <span class='ocrx_word' id='word_1_160' title='bbox 956 1158 1080 1198; x_wconf 79' lang='lat' dir='ltr'>gaudio</span> <span class='ocrx_word' id='word_1_161' title='bbox 1106 1168 1138 1191; x_wconf 86' lang='lat' dir='ltr'>et</span> 
     </span>
     <span class='ocr_line' id='line_1_19' title="bbox 2 1219 1138 1264; baseline 0 -11"><span class='ocrx_word' id='word_1_162' title='bbox 2 1234 88 1264; x_wconf 80' lang='lat' dir='ltr'>pace</span> <span class='ocrx_word' id='word_1_163' title='bbox 112 1221 146 1253; x_wconf 89' lang='lat' dir='ltr'>in</span> <span class='ocrx_word' id='word_1_164' title='bbox 174 1222 357 1259; x_wconf 82' lang='lat' dir='ltr'>credendo,</span> <span class='ocrx_word' id='word_1_165' title='bbox 386 1231 422 1253; x_wconf 89' lang='lat' dir='ltr'>ut</span> <span class='ocrx_word' id='word_1_166' title='bbox 447 1221 625 1253; x_wconf 80' lang='lat' dir='ltr'>abundetis</span> <span class='ocrx_word' id='word_1_167' title='bbox 649 1221 682 1252; x_wconf 89' lang='lat' dir='ltr'>in</span> <span class='ocrx_word' id='word_1_168' title='bbox 710 1233 769 1264; x_wconf 80' lang='lat' dir='ltr'>spe</span> <span class='ocrx_word' id='word_1_169' title='bbox 794 1228 826 1252; x_wconf 84' lang='lat' dir='ltr'>et</span> <span class='ocrx_word' id='word_1_170' title='bbox 850 1219 970 1252; x_wconf 75' lang='lat' dir='ltr'>virtute</span> <span class='ocrx_word' id='word_1_171' title='bbox 994 1220 1138 1264; x_wconf 75' lang='lat' dir='ltr'>Spiritus</span> 
     </span>
     <span class='ocr_line' id='line_1_20' title="bbox 2 1280 1136 1327; baseline 0 -13"><span class='ocrx_word' id='word_1_172' title='bbox 2 1282 141 1315; x_wconf 77' lang='lat' dir='ltr'>sancti.“</span> <span class='ocrx_word' id='word_1_173' title='bbox 188 1281 257 1325; x_wconf 84' lang='lat' dir='ltr'>Qui</span> <span class='ocrx_word' id='word_1_174' title='bbox 289 1282 441 1327; x_wconf 84' lang='lat' dir='ltr'>superius</span> <span class='ocrx_word' id='word_1_175' title='bbox 474 1283 620 1321; x_wconf 79' lang='lat' dir='ltr'>dixerat,</span> <span class='ocrx_word' id='word_1_176' title='bbox 653 1282 747 1326; x_wconf 90' lang='lat' dir='ltr'>quod</span> <span class='ocrx_word' id='word_1_177' title='bbox 778 1281 812 1313; x_wconf 91' lang='lat' dir='ltr'>in</span> <span class='ocrx_word' id='word_1_178' title='bbox 844 1280 942 1313; x_wconf 77' lang='lat' dir='ltr'>Esaia</span> <span class='ocrx_word' id='word_1_179' title='bbox 973 1281 1136 1325; x_wconf 89' lang='lat' dir='ltr'>scriptum</span> 
     </span>
     <span class='ocr_line' id='line_1_21' title="bbox 4 1342 1138 1388; baseline 0 -13"><span class='ocrx_word' id='word_1_180' title='bbox 4 1353 65 1376; x_wconf 81' lang='lat' dir='ltr'>est:</span> <span class='ocrx_word' id='word_1_181' title='bbox 101 1344 200 1387; x_wconf 72' lang='lat' dir='ltr'>‚‚et⁸)</span> <span class='ocrx_word' id='word_1_182' title='bbox 237 1345 271 1376; x_wconf 89' lang='lat' dir='ltr'>in</span> <span class='ocrx_word' id='word_1_183' title='bbox 310 1357 349 1375; x_wconf 77' lang='lat' dir='ltr'>eo</span> <span class='ocrx_word' id='word_1_184' title='bbox 385 1342 509 1376; x_wconf 84' lang='lat' dir='ltr'>Gentes</span> <span class='ocrx_word' id='word_1_185' title='bbox 539 1344 766 1388; x_wconf 81' lang='lat' dir='ltr'>sperabunt:“</span> <span class='ocrx_word' id='word_1_186' title='bbox 803 1351 971 1384; x_wconf 73' lang='lat' dir='ltr'>gratanter</span> <span class='ocrx_word' id='word_1_187' title='bbox 1001 1342 1138 1388; x_wconf 83' lang='lat' dir='ltr'>adjecit:</span> 
     </span>
    </p>
   </div>
   <div class='ocr_carea' id='block_1_3' title="bbox 3 1403 1137 1449">
    <p class='ocr_par' dir='ltr' id='par_1_4' title="bbox 3 1403 1137 1449">
     <span class='ocr_line' id='line_1_22' title="bbox 3 1403 1137 1449; baseline 0 -11"><span class='ocrx_word' id='word_1_188' title='bbox 3 1405 167 1448; x_wconf 78' lang='lat' dir='ltr'>‚‚Deus⁹)</span> <span class='ocrx_word' id='word_1_189' title='bbox 192 1414 303 1438; x_wconf 71' lang='lat' dir='ltr'>autem</span> <span class='ocrx_word' id='word_1_190' title='bbox 336 1405 445 1449; x_wconf 80' lang='lat' dir='ltr'>spei:“</span> <span class='ocrx_word' id='word_1_191' title='bbox 477 1414 528 1444; x_wconf 82' lang='lat' dir='ltr'>nt,</span> <span class='ocrx_word' id='word_1_192' title='bbox 561 1405 585 1437; x_wconf 85' lang='lat' dir='ltr'>si</span> <span class='ocrx_word' id='word_1_193' title='bbox 615 1405 776 1448; x_wconf 85' lang='lat' dir='ltr'>scriptum</span> <span class='ocrx_word' id='word_1_194' title='bbox 810 1404 938 1437; x_wconf 75' lang='lat' dir='ltr'>fuisset:</span> <span class='ocrx_word' id='word_1_195' title='bbox 974 1403 1031 1444; x_wconf 86' lang='lat' dir='ltr'>„in</span> <span class='ocrx_word' id='word_1_196' title='bbox 1063 1406 1137 1449; x_wconf 86' lang='lat' dir='ltr'>ipso</span> 
     </span>
    </p>
   </div>
   <div class='ocr_carea' id='block_1_4' title="bbox 4 1538 1141 1852">
    <p class='ocr_par' dir='ltr' id='par_1_5' title="bbox 4 1538 1141 1852">
     <span class='ocr_line' id='line_1_23' title="bbox 100 1538 1139 1581; baseline 0.002 -12"><span class='ocrx_word' id='word_1_197' title='bbox 100 1538 134 1581; x_wconf 85' lang='lat'>¹)</span> <span class='ocrx_word' id='word_1_198' title='bbox 159 1538 207 1570; x_wconf 84' lang='lat' dir='ltr'>Ita</span> <span class='ocrx_word' id='word_1_199' title='bbox 242 1538 327 1571; x_wconf 85' lang='lat' dir='ltr'>Msc.</span> <span class='ocrx_word' id='word_1_200' title='bbox 368 1538 447 1579; x_wconf 84' lang='lat' dir='ltr'>Reg.</span> <span class='ocrx_word' id='word_1_201' title='bbox 485 1551 577 1570; x_wconf 88' lang='lat' dir='ltr'>num.</span> <span class='ocrx_word' id='word_1_202' title='bbox 609 1538 707 1571; x_wconf 80' lang='grc'>1639.</span> <span class='ocrx_word' id='word_1_203' title='bbox 743 1547 773 1569; x_wconf 83' lang='lat' dir='ltr'>et</span> <span class='ocrx_word' id='word_1_204' title='bbox 797 1538 970 1571; x_wconf 73' lang='lat' dir='ltr'>Rabanus.</span> <span class='ocrx_word' id='word_1_205' title='bbox 1028 1538 1139 1572; x_wconf 86' lang='lat' dir='ltr'>Ceteri</span> 
     </span>
     <span class='ocr_line' id='line_1_24' title="bbox 5 1582 1138 1626; baseline 0.002 -11"><span class='ocrx_word' id='word_1_206' title='bbox 5 1596 84 1615; x_wconf 82' lang='lat' dir='ltr'>vero</span> <span class='ocrx_word' id='word_1_207' title='bbox 109 1582 188 1615; x_wconf 83' lang='lat' dir='ltr'>Mss.</span> <span class='ocrx_word' id='word_1_208' title='bbox 214 1593 244 1615; x_wconf 92' lang='lat' dir='ltr'>et</span> <span class='ocrx_word' id='word_1_209' title='bbox 269 1583 346 1615; x_wconf 89' lang='lat' dir='ltr'>editi</span> <span class='ocrx_word' id='word_1_210' title='bbox 371 1582 417 1625; x_wconf 78' lang='lat' dir='ltr'>(v.</span> <span class='ocrx_word' id='word_1_211' title='bbox 443 1596 468 1615; x_wconf 90' lang='lat' dir='ltr'>c.</span> <span class='ocrx_word' id='word_1_212' title='bbox 494 1583 569 1615; x_wconf 88' lang='lat' dir='ltr'>edd.</span> <span class='ocrx_word' id='word_1_213' title='bbox 595 1582 679 1626; x_wconf 81' lang='lat' dir='ltr'>M.):</span> <span class='ocrx_word' id='word_1_214' title='bbox 705 1583 832 1621; x_wconf 77' lang='lat' dir='ltr'>„visum</span> <span class='ocrx_word' id='word_1_215' title='bbox 860 1592 905 1615; x_wconf 88' lang='lat' dir='ltr'>est</span> <span class='ocrx_word' id='word_1_216' title='bbox 938 1583 1138 1617; x_wconf 78' lang='lat' dir='ltr'>disseruisse.</span> 
     </span>
     <span class='ocr_line' id='line_1_25' title="bbox 5 1627 1138 1672; baseline 0 -12"><span class='ocrx_word' id='word_1_217' title='bbox 5 1628 44 1660; x_wconf 89' lang='lat' dir='ltr'>ln</span> <span class='ocrx_word' id='word_1_218' title='bbox 69 1628 238 1672; x_wconf 81' lang='lat' dir='ltr'>praesenti</span> <span class='ocrx_word' id='word_1_219' title='bbox 271 1638 383 1660; x_wconf 85' lang='lat' dir='ltr'>tamen</span> <span class='ocrx_word' id='word_1_220' title='bbox 410 1627 527 1672; x_wconf 75' lang='lat' dir='ltr'>(editi,</span> <span class='ocrx_word' id='word_1_221' title='bbox 563 1642 589 1659; x_wconf 91' lang='lat' dir='ltr'>v.</span> <span class='ocrx_word' id='word_1_222' title='bbox 622 1642 651 1661; x_wconf 90' lang='lat' dir='ltr'>c.</span> <span class='ocrx_word' id='word_1_223' title='bbox 679 1629 753 1660; x_wconf 83' lang='lat' dir='ltr'>edd.</span> <span class='ocrx_word' id='word_1_224' title='bbox 781 1628 847 1666; x_wconf 55' lang='lat' dir='ltr'>M„</span> <span class='ocrx_word' id='word_1_225' title='bbox 871 1628 1033 1672; x_wconf 73' lang='lat' dir='ltr'>cantum)</span> <span class='ocrx_word' id='word_1_226' title='bbox 1059 1630 1138 1661; x_wconf 86' lang='lat' dir='ltr'>loco</span> 
     </span>
     <span class='ocr_line' id='line_1_26' title="bbox 7 1671 1140 1713; baseline 0.001 -8"><span class='ocrx_word' id='word_1_227' title='bbox 7 1674 150 1705; x_wconf 82' lang='lat' dir='ltr'>dicitur“</span> <span class='ocrx_word' id='word_1_228' title='bbox 186 1682 245 1705; x_wconf 83' lang='lat' dir='ltr'>etc.</span> <span class='ocrx_word' id='word_1_229' title='bbox 279 1672 445 1713; x_wconf 80' lang='lat' dir='ltr'>Origenes</span> <span class='ocrx_word' id='word_1_230' title='bbox 476 1671 605 1708; x_wconf 76' lang='lat' dir='ltr'>HomiL</span> <span class='ocrx_word' id='word_1_231' title='bbox 636 1674 666 1706; x_wconf 86' lang='lat'>3.</span> <span class='ocrx_word' id='word_1_232' title='bbox 701 1672 737 1704; x_wconf 82' lang='lat' dir='ltr'>in</span> <span class='ocrx_word' id='word_1_233' title='bbox 769 1672 915 1704; x_wconf 76' lang='lat' dir='ltr'>Jesaiam</span> <span class='ocrx_word' id='word_1_234' title='bbox 950 1675 991 1705; x_wconf 88' lang='lat' dir='ltr'>de</span> <span class='ocrx_word' id='word_1_235' title='bbox 1026 1674 1140 1706; x_wconf 77' lang='lat' dir='ltr'>radice</span> 
     </span>
     <span class='ocr_line' id='line_1_27' title="bbox 5 1716 1141 1761; baseline 0.001 -11"><span class='ocrx_word' id='word_1_236' title='bbox 5 1719 98 1751; x_wconf 81' lang='lat' dir='ltr'>Jesse</span> <span class='ocrx_word' id='word_1_237' title='bbox 120 1718 223 1750; x_wconf 85' lang='lat' dir='ltr'>fusius</span> <span class='ocrx_word' id='word_1_238' title='bbox 247 1718 384 1761; x_wconf 87' lang='lat' dir='ltr'>quidem</span> <span class='ocrx_word' id='word_1_239' title='bbox 411 1718 548 1756; x_wconf 79' lang='lat' dir='ltr'>disserit,</span> <span class='ocrx_word' id='word_1_240' title='bbox 572 1718 631 1750; x_wconf 85' lang='lat' dir='ltr'>sed</span> <span class='ocrx_word' id='word_1_241' title='bbox 655 1730 727 1749; x_wconf 87' lang='lat' dir='ltr'>non</span> <span class='ocrx_word' id='word_1_242' title='bbox 752 1716 785 1748; x_wconf 87' lang='lat' dir='ltr'>in</span> <span class='ocrx_word' id='word_1_243' title='bbox 803 1717 892 1749; x_wconf 81' lang='lat' dir='ltr'>hunc</span> <span class='ocrx_word' id='word_1_244' title='bbox 907 1719 1038 1751; x_wconf 74' lang='lat' dir='ltr'>Jesaiae</span> <span class='ocrx_word' id='word_1_245' title='bbox 1057 1732 1141 1751; x_wconf 88' lang='lat' dir='ltr'>con-</span> 
     </span>
     <span class='ocr_line' id='line_1_28' title="bbox 4 1761 1137 1807; baseline 0.001 -12"><span class='ocrx_word' id='word_1_246' title='bbox 4 1772 150 1802; x_wconf 83' lang='lat' dir='ltr'>textum,</span> <span class='ocrx_word' id='word_1_247' title='bbox 182 1775 282 1806; x_wconf 88' lang='lat' dir='ltr'>quem</span> <span class='ocrx_word' id='word_1_248' title='bbox 316 1762 448 1795; x_wconf 83' lang='lat' dir='ltr'>videtur</span> <span class='ocrx_word' id='word_1_249' title='bbox 480 1761 742 1794; x_wconf 80' lang='lat' dir='ltr'>Commentariis</span> <span class='ocrx_word' id='word_1_250' title='bbox 774 1762 840 1794; x_wconf 85' lang='lat' dir='ltr'>suis</span> <span class='ocrx_word' id='word_1_251' title='bbox 872 1763 905 1794; x_wconf 86' lang='lat' dir='ltr'>in</span> <span class='ocrx_word' id='word_1_252' title='bbox 940 1763 1030 1795; x_wconf 84' lang='lat' dir='ltr'>hune</span> <span class='ocrx_word' id='word_1_253' title='bbox 1055 1778 1137 1807; x_wconf 82' lang='lat' dir='ltr'>pro—</span> 
     </span>
     <span class='ocr_line' id='line_1_29' title="bbox 4 1808 1042 1852; baseline 0.001 -12"><span class='ocrx_word' id='word_1_254' title='bbox 4 1809 142 1852; x_wconf 82' lang='lat' dir='ltr'>phetam</span> <span class='ocrx_word' id='word_1_255' title='bbox 168 1808 368 1851; x_wconf 83' lang='lat' dir='ltr'>explanasse.</span> <span class='ocrx_word' id='word_1_256' title='bbox 416 1808 484 1840; x_wconf 86' lang='lat' dir='ltr'>Sed</span> <span class='ocrx_word' id='word_1_257' title='bbox 510 1808 593 1840; x_wconf 83' lang='lat' dir='ltr'>haec</span> <span class='ocrx_word' id='word_1_258' title='bbox 617 1808 723 1839; x_wconf 90' lang='lat' dir='ltr'>modo</span> <span class='ocrx_word' id='word_1_259' title='bbox 747 1820 821 1838; x_wconf 85' lang='lat' dir='ltr'>non</span> <span class='ocrx_word' id='word_1_260' title='bbox 846 1817 980 1842; x_wconf 81' lang='lat' dir='ltr'>exstant.</span> <span class='ocrx_word' id='word_1_261' title='bbox 1004 1809 1042 1841; x_wconf 81' lang='lat' dir='ltr'>R.</span> 
     </span>
    </p>
   </div>
   <div class='ocr_carea' id='block_1_5' title="bbox 9 1862 1139 2009">
    <p class='ocr_par' dir='ltr' id='par_1_6' title="bbox 9 1862 1139 2009">
     <span class='ocr_line' id='line_1_30' title="bbox 98 1862 964 1908; baseline 0.001 -14"><span class='ocrx_word' id='word_1_262' title='bbox 98 1862 134 1907; x_wconf 79' lang='lat'>²)</span> <span class='ocrx_word' id='word_1_263' title='bbox 159 1862 246 1895; x_wconf 88' lang='lat' dir='ltr'>Edd.</span> <span class='ocrx_word' id='word_1_264' title='bbox 271 1862 424 1896; x_wconf 88' lang='lat' dir='ltr'>Merlini:</span> <span class='ocrx_word' id='word_1_265' title='bbox 452 1863 541 1895; x_wconf 86' lang='lat' dir='ltr'>dicit.</span> <span class='ocrx_word' id='word_1_266' title='bbox 635 1863 672 1908; x_wconf 80' lang='grc'>3)</span> <span class='ocrx_word' id='word_1_267' title='bbox 698 1863 807 1896; x_wconf 87' lang='lat' dir='ltr'>Exod.</span> <span class='ocrx_word' id='word_1_268' title='bbox 830 1863 888 1902; x_wconf 84' lang='lat' dir='ltr'><strong>III,</strong></span> <span class='ocrx_word' id='word_1_269' title='bbox 912 1864 964 1897; x_wconf 78' lang='lat'>14.</span> 
     </span>
     <span class='ocr_line' id='line_1_31' title="bbox 102 1917 1138 1962; baseline 0.002 -11"><span class='ocrx_word' id='word_1_270' title='bbox 102 1917 139 1962; x_wconf 79' lang='lat'>⁴²)</span> <span class='ocrx_word' id='word_1_271' title='bbox 164 1918 221 1951; x_wconf 84' lang='lat' dir='ltr'>Sic</span> <span class='ocrx_word' id='word_1_272' title='bbox 253 1919 337 1952; x_wconf 76' lang='lat' dir='ltr'>Msc.</span> <span class='ocrx_word' id='word_1_273' title='bbox 380 1919 456 1960; x_wconf 80' lang='lat' dir='ltr'>Reg.</span> <span class='ocrx_word' id='word_1_274' title='bbox 495 1933 588 1952; x_wconf 86' lang='lat' dir='ltr'>num.</span> <span class='ocrx_word' id='word_1_275' title='bbox 621 1920 718 1953; x_wconf 82' lang='lat'>1639.</span> <span class='ocrx_word' id='word_1_276' title='bbox 751 1929 783 1951; x_wconf 83' lang='lat' dir='ltr'>et</span> <span class='ocrx_word' id='word_1_277' title='bbox 813 1919 984 1952; x_wconf 75' lang='lat' dir='ltr'>Rabanus.</span> <span class='ocrx_word' id='word_1_278' title='bbox 1047 1921 1138 1953; x_wconf 82' lang='lat' dir='ltr'>Editi</span> 
     </span>
     <span class='ocr_line' id='line_1_32' title="bbox 9 1964 1139 2009; baseline 0.002 -14"><span class='ocrx_word' id='word_1_279' title='bbox 9 1976 87 1996; x_wconf 84' lang='lat' dir='ltr'>vero</span> <span class='ocrx_word' id='word_1_280' title='bbox 111 1966 158 2007; x_wconf 84' lang='lat' dir='ltr'>(e.</span> <span class='ocrx_word' id='word_1_281' title='bbox 183 1977 211 1997; x_wconf 87' lang='lat' dir='ltr'>c.</span> <span class='ocrx_word' id='word_1_282' title='bbox 238 1965 312 1997; x_wconf 88' lang='lat' dir='ltr'>edd.</span> <span class='ocrx_word' id='word_1_283' title='bbox 337 1964 422 2007; x_wconf 43' lang='lat' dir='ltr'>M.)</span> <span class='ocrx_word' id='word_1_284' title='bbox 453 1965 533 2008; x_wconf 85' lang='lat' dir='ltr'>„qui</span> <span class='ocrx_word' id='word_1_285' title='bbox 564 1979 637 1997; x_wconf 89' lang='lat' dir='ltr'>non</span> <span class='ocrx_word' id='word_1_286' title='bbox 668 1978 705 1997; x_wconf 85' lang='lat' dir='ltr'>ex</span> <span class='ocrx_word' id='word_1_287' title='bbox 729 1965 837 1997; x_wconf 88' lang='lat' dir='ltr'>nihilo</span> <span class='ocrx_word' id='word_1_288' title='bbox 872 1975 908 1997; x_wconf 86' lang='lat' dir='ltr'>ut</span> <span class='ocrx_word' id='word_1_289' title='bbox 931 1965 1043 2008; x_wconf 80' lang='lat' dir='ltr'>impiis</span> <span class='ocrx_word' id='word_1_290' title='bbox 1066 1967 1139 2009; x_wconf 81' lang='lat' dir='ltr'>pla-</span> 
     </span>
    </p>
   </div>
   <div class='ocr_carea' id='block_1_6' title="bbox 9 2009 1141 2097">
    <p class='ocr_par' dir='ltr' id='par_1_7' title="bbox 9 2009 1141 2097">
     <span class='ocr_line' id='line_1_33' title="bbox 9 2009 1141 2054; baseline 0.001 -14"><span class='ocrx_word' id='word_1_291' title='bbox 9 2013 80 2041; x_wconf 70' lang='lat' dir='ltr'>cet²⁸</span> <span class='ocrx_word' id='word_1_292' title='bbox 105 2019 164 2042; x_wconf 85' lang='lat' dir='ltr'>etc.</span> <span class='ocrx_word' id='word_1_293' title='bbox 188 2009 265 2041; x_wconf 84' lang='lat' dir='ltr'>Mss.</span> <span class='ocrx_word' id='word_1_294' title='bbox 291 2009 446 2053; x_wconf 83' lang='lat' dir='ltr'>quidam:</span> <span class='ocrx_word' id='word_1_295' title='bbox 471 2009 551 2054; x_wconf 82' lang='lat' dir='ltr'>„qui</span> <span class='ocrx_word' id='word_1_296' title='bbox 575 2020 640 2050; x_wconf 85' lang='lat' dir='ltr'>est,</span> <span class='ocrx_word' id='word_1_297' title='bbox 662 2023 732 2042; x_wconf 89' lang='lat' dir='ltr'>non</span> <span class='ocrx_word' id='word_1_298' title='bbox 760 2024 797 2043; x_wconf 83' lang='lat' dir='ltr'>ex</span> <span class='ocrx_word' id='word_1_299' title='bbox 820 2009 927 2042; x_wconf 82' lang='lat' dir='ltr'>nihilo</span> <span class='ocrx_word' id='word_1_300' title='bbox 955 2012 1060 2042; x_wconf 77' lang='lat' dir='ltr'>factus</span> <span class='ocrx_word' id='word_1_301' title='bbox 1086 2021 1141 2047; x_wconf 70' lang='lat' dir='ltr'>est,</span> 
     </span>
     <span class='ocr_line' id='line_1_34' title="bbox 10 2053 484 2097; baseline 0.002 -11"><span class='ocrx_word' id='word_1_302' title='bbox 10 2063 46 2086; x_wconf 85' lang='lat' dir='ltr'>ut</span> <span class='ocrx_word' id='word_1_303' title='bbox 69 2053 180 2097; x_wconf 86' lang='lat' dir='ltr'>impiis</span> <span class='ocrx_word' id='word_1_304' title='bbox 204 2055 335 2097; x_wconf 82' lang='lat' dir='ltr'>placet“</span> <span class='ocrx_word' id='word_1_305' title='bbox 360 2063 419 2087; x_wconf 89' lang='lat' dir='ltr'>ete.</span> <span class='ocrx_word' id='word_1_306' title='bbox 444 2054 484 2087; x_wconf 81' lang='lat' dir='ltr'>R.</span> 
     </span>
    </p>
   </div>
   <div class='ocr_carea' id='block_1_7' title="bbox 103 2109 1045 2373">
    <p class='ocr_par' dir='ltr' id='par_1_8' title="bbox 103 2109 1045 2373">
     <span class='ocr_line' id='line_1_35' title="bbox 103 2109 928 2153; baseline 0.005 -12"><span class='ocrx_word' id='word_1_307' title='bbox 103 2110 139 2153; x_wconf 84' lang='lat'>⁵)</span> <span class='ocrx_word' id='word_1_308' title='bbox 166 2109 236 2142; x_wconf 82' lang='lat' dir='ltr'>Csr.</span> <span class='ocrx_word' id='word_1_309' title='bbox 258 2110 358 2143; x_wconf 77' lang='lat' dir='ltr'>Jesai.</span> <span class='ocrx_word' id='word_1_310' title='bbox 386 2110 447 2150; x_wconf 84' lang='lat' dir='ltr'>XI,</span> <span class='ocrx_word' id='word_1_311' title='bbox 473 2112 524 2145; x_wconf 82' lang='lat'>10.</span> <span class='ocrx_word' id='word_1_312' title='bbox 550 2112 627 2144; x_wconf 87' lang='lat' dir='ltr'>coll.</span> <span class='ocrx_word' id='word_1_313' title='bbox 651 2111 751 2145; x_wconf 85' lang='lat' dir='ltr'>Rom.</span> <span class='ocrx_word' id='word_1_314' title='bbox 776 2111 852 2151; x_wconf 88' lang='lat' dir='ltr'>XV,</span> <span class='ocrx_word' id='word_1_315' title='bbox 877 2112 928 2145; x_wconf 77' lang='lat'>12.</span> 
     </span>
     <span class='ocr_line' id='line_1_36' title="bbox 104 2166 1045 2211; baseline 0.002 -14"><span class='ocrx_word' id='word_1_316' title='bbox 104 2166 140 2209; x_wconf 67' lang='grc'>6)</span> <span class='ocrx_word' id='word_1_317' title='bbox 165 2166 269 2198; x_wconf 79' lang='lat' dir='ltr'>Deest</span> <span class='ocrx_word' id='word_1_318' title='bbox 292 2171 369 2205; x_wconf 83' lang='lat' dir='ltr'>„ut“</span> <span class='ocrx_word' id='word_1_319' title='bbox 393 2167 428 2199; x_wconf 88' lang='lat' dir='ltr'>in</span> <span class='ocrx_word' id='word_1_320' title='bbox 454 2167 529 2199; x_wconf 82' lang='lat' dir='ltr'>edd.</span> <span class='ocrx_word' id='word_1_321' title='bbox 552 2166 602 2200; x_wconf 83' lang='lat' dir='ltr'>M.</span> <span class='ocrx_word' id='word_1_322' title='bbox 708 2167 743 2211; x_wconf 82' lang='lat'>⁷)</span> <span class='ocrx_word' id='word_1_323' title='bbox 769 2168 869 2200; x_wconf 85' lang='lat' dir='ltr'>Rom.</span> <span class='ocrx_word' id='word_1_324' title='bbox 894 2167 969 2205; x_wconf 85' lang='lat' dir='ltr'>XV,</span> <span class='ocrx_word' id='word_1_325' title='bbox 998 2168 1045 2199; x_wconf 78' lang='lat'>13.</span> 
     </span>
     <span class='ocr_line' id='line_1_37' title="bbox 103 2221 826 2263; baseline 0.001 -9"><span class='ocrx_word' id='word_1_326' title='bbox 103 2221 137 2263; x_wconf 40' lang='grc' dir='ltr'>ἦ)</span> <span class='ocrx_word' id='word_1_327' title='bbox 162 2222 259 2254; x_wconf 84' lang='lat' dir='ltr'>Jesai.</span> <span class='ocrx_word' id='word_1_328' title='bbox 285 2222 346 2261; x_wconf 80' lang='lat' dir='ltr'>Xl,</span> <span class='ocrx_word' id='word_1_329' title='bbox 372 2224 421 2256; x_wconf 87' lang='grc'>10.</span> <span class='ocrx_word' id='word_1_330' title='bbox 448 2224 524 2256; x_wconf 89' lang='lat' dir='ltr'>coll.</span> <span class='ocrx_word' id='word_1_331' title='bbox 549 2222 649 2256; x_wconf 84' lang='lat' dir='ltr'>Rom.</span> <span class='ocrx_word' id='word_1_332' title='bbox 674 2224 750 2263; x_wconf 87' lang='lat' dir='ltr'>XV,</span> <span class='ocrx_word' id='word_1_333' title='bbox 776 2226 826 2258; x_wconf 76' lang='lat'>12.</span> 
     </span>
     <span class='ocr_line' id='line_1_38' title="bbox 104 2277 442 2320; baseline 0.003 -11"><span class='ocrx_word' id='word_1_334' title='bbox 104 2278 141 2320; x_wconf 62' lang='lat'>⁹)</span> <span class='ocrx_word' id='word_1_335' title='bbox 167 2277 264 2310; x_wconf 80' lang='lat' dir='ltr'>Rom.</span> <span class='ocrx_word' id='word_1_336' title='bbox 292 2279 367 2317; x_wconf 79' lang='lat' dir='ltr'>XV,</span> <span class='ocrx_word' id='word_1_337' title='bbox 391 2280 442 2312; x_wconf 68' lang='lat'>1⁴2.</span> 
     </span>
     <span class='ocr_line' id='line_1_39' title="bbox 786 2340 860 2373; baseline -0.014 0"><span class='ocrx_word' id='word_1_338' title='bbox 786 2340 828 2373; x_wconf 73' lang='lat'>26</span> <span class='ocrx_word' id='word_1_339' title='bbox 846 2346 860 2361; x_wconf 63' lang='lat'>⁸</span> 
     </span>
    </p>
   </div>
  </div>
 </body>
</html>
