1392 2464
501 117 781 143 PROLEGOMENA.
1154 115 1203 138 vn

74 215 254 244 versuum
276 200 470 249 produxit,
496 198 733 242 abbreviem,
763 201 800 232 et
825 197 872 232 ad
896 194 1037 236 media,
1064 193 1097 229 si
1119 192 1212 229 fieri'

73 271 212 315 potest,
239 263 363 310 spatia
386 266 585 298 coarctem.
623 263 728 295 Dura
754 259 846 293 satis
869 257 1044 303 imperia,
1070 262 1108 292 et
1121 261 1205 291 tan-

76 341 190 375 quam
207 329 254 363 ab
281 337 341 371 eo,
367 323 432 370 qui
447 324 595 369 pondus
615 320 741 368 operis
759 320 871 364 hujus
886 320 984 355 scire
1002 319 1113 364 nolit,
1131 317 1206 352 im-

74 391 212 438 posita.
261 385 477 434 Aggrediar
499 390 642 429 tamen,
668 383 701 419 si
723 384 823 418 sorte
853 381 1089 416 orationibus
1113 379 1205 426 tuis,

76 463 173 497 quae
204 449 299 485 mihi
328 453 506 493 tanquam
538 445 683 480 homini
716 444 972 491 impossibilia
1013 443 1206 487 videntur,

21 533 23 536 ⁴
75 512 295 559 adspirante
309 510 488 556 Domino,
513 507 713 554 possibilia
736 507 842 542 fiant.
873 506 949 542 Sed
966 506 1092 551 ipsum
1114 504 1206 549 jam,

77 575 111 610 si
137 573 304 616 videtur,
323 572 542 618 Origenem,
568 570 731 616 qualiter
742 569 1017 616 praefationem
1042 566 1209 612 suscepti

77 636 204 683 operis
227 634 382 681 dirigat,
407 633 620 668 audiamus.

160 749 291 800 De1)
337 745 663 790 Commentariis
709 747 752 787 in
808 743 1029 800 epistolam
1074 742 1128 784 ad

528 821 759 862 Romanos.

170 911 265 946 Cum
298 908 409 944 libris
439 911 484 946 V.
518 912 556 943 et
590 910 691 945 VIII.
717 909 847 942 contra
880 905 1034 941 Celsum
1058 914 1147 939 suas
1171 902 1211 937 in

79 983 137 1018 ep.
170 972 218 1006 ad
246 974 439 1006 Romanos
471 970 755 1006 lucubrationes
788 970 975 1002 memoret
1008 964 1211 1011 Origenes,

80 1038 226 1069 certum
258 1037 317 1069 est
348 1033 388 1067 in
419 1033 517 1067 hanc
547 1031 655 1078 prius
686 1030 910 1077 epistolam,
945 1039 1060 1075 qnam
1084 1033 1215 1063 contra

81 1096 249 1140 Celsum,
274 1096 445 1140 adeoque
469 1098 674 1138 antequam
697 1092 812 1127 finem
833 1090 1048 1136 imperandi
1072 1090 1216 1124 faceret

81 1155 297 1201 Philippus,
327 1167 414 1190 eum
438 1154 651 1200 scripsisse.
690 1154 827 1198 Liquet
851 1152 967 1188 etiam
990 1151 1084 1186 illud
1110 1154 1215 1196 Opus

84 1217 205 1252 fuisse
230 1219 465 1252 elaboratum
487 1221 573 1262 post
608 1215 688 1260 ejus
712 1215 753 1249 in
776 1214 989 1250 Leviticum
1011 1213 1215 1259 Holnilias,

82 1290 243 1324 quarum
283 1280 472 1314 secundae
500 1277 675 1312 meminit
703 1277 771 1311 lib.
803 1279 873 1311 IX.
907 1287 1010 1310 num.
1043 1278 1074 1310 1.
1108 1275 1216 1311 Com-

84 1340 357 1375 mentariorum
382 1339 421 1374 in
446 1341 607 1375 eandem
638 1337 853 1384 epistolam.
900 1341 1017 1372 Porro
1051 1348 1137 1371 cum
1160 1337 1216 1381 ju-

84 1402 168 1438 dice
191 1402 328 1436 Rufino
353 1402 449 1437 istae
472 1401 665 1437 Homiliae
689 1411 739 1435 ex
755 1405 926 1446 tempore
951 1399 1217 1445 pronuntiatae

85 1464 182 1510 sint,
218 1464 367 1499 nonnisi
403 1469 490 1510 post
524 1475 666 1499 annum
698 1461 842 1497 Christi
875 1462 1048 1498 CCXLV.
1083 1461 1218 1496 haberi

83 1531 302 1573 potuerunt.
351 1527 457 1562 Unde
480 1525 711 1573 colligimus,
738 1536 813 1570 quo
830 1529 1001 1570 tempore
1018 1525 1218 1559 Commen-

85 1587 202 1623 tarios
231 1588 272 1622 in
295 1589 534 1623 Matthaeum
564 1588 815 1623 concinnabat
839 1586 1048 1632 Origenes,
1080 1597 1218 1631 nempe

86 1650 185 1685 circa
216 1661 357 1685 annum
390 1651 582 1687 CCXLVI.
616 1650 828 1695 imperante
851 1647 1052 1693 Philippo,
1084 1649 1219 1682 eodem

87 1711 202 1746 etiam
235 1711 514 1748 Commentaria
545 1710 587 1746 in
617 1722 677 1757 ep.
709 1711 755 1745 ad
779 1713 972 1745 Romanos
997 1720 1084 1743 eum
1109 1710 1219 1744 ador-

87 1784 212 1811 nasse.
244 1777 374 1818 quue
398 1772 648 1808 verisimilius
673 1772 769 1807 illud
794 1771 953 1817 eruitur,
980 1772 1082 1816 quod
1096 1773 1218 1806 Tomo

87 1836 206 1870 XVII.
231 1835 271 1869 in
295 1836 536 1870 Matthaeum
568 1846 656 1870 suas
687 1835 727 1869 in
759 1846 819 1880 ep.
850 1835 898 1868 ad
922 1837 1113 1869 Romanos
1151 1845 1218 1869 ex-

89 1897 324 1942 planationes
348 1902 568 1943 recenseat,
595 1902 633 1932 et
656 1897 724 1932 lib.
751 1900 780 1932 Ι.
806 1896 846 1931 in
872 1908 933 1942 ep.
959 1897 1006 1930 ad
1027 1900 1220 1932 Romanos

90 1970 194 1993 num.
219 1959 253 1993 5.
279 1960 326 1994 de
350 1959 575 2005 genealogia
601 1957 808 1994 salvatoris
835 1969 858 1993 a
883 1959 1076 1993 Matthaeo
1102 1961 1222 1994 relata

90 2020 286 2066 promittat
317 2032 358 2056 se
389 2020 514 2056 fusius
548 2032 616 2056 suo
648 2021 730 2056 loco
766 2021 803 2055 in
842 2019 1090 2066 sequentihus
1129 2022 1222 2057 scri-

89 2087 255 2128 pturum.

182 2144 429 2181 Cassiodorus
452 2145 620 2181 Institut.
658 2144 775 2182 divin.
808 2147 895 2180 lect.
929 2156 1007 2190 cap.
1040 2147 1138 2178 V111.
1164 2144 1223 2179 vi-

192 2261 225 2304 ')
252 2260 303 2293 Cf.
329 2262 371 2293 de
395 2263 457 2295 hac
490 2262 597 2296 Ruaei
631 2264 842 2306 praefatione
869 2263 958 2308 Opp.
987 2262 1079 2304 Orig.
1104 2264 1155 2295 ed.
1182 2262 1222 2294 de

97 2306 128 2339 la
152 2305 227 2340 Rue
252 2306 352 2340 Torn.
376 2306 432 2340 IV.
456 2308 594 2352 paginas
618 2308 657 2343 ΙΙ.
681 2309 738 2343 111.
764 2318 796 2341 et
819 2309 875 2341 lv.
