1377 2454
340 111 694 145 COMMENTARIORUM
717 109 791 142 Lm.
815 109 889 141 VII.
1108 110 1175 145 163

43 217 106 249 pro
132 201 181 234 his
211 200 337 234 meritis
370 201 465 234 electi
495 200 683 244 fuissent¹)
717 211 735 232 a
769 199 866 238 Deo,
902 198 1046 243 quaein
1069 212 1170 232 carne

42 263 141 310 positi
166 262 398 307 acquisierant,
425 272 456 296 et
479 275 542 307 per
566 274 668 306 opera
694 260 803 293 carnis
826 259 999 306 justificari
1028 259 1169 293 meruis—

41 335 123 364 sent,
146 333 260 369 posset
284 324 402 369 utique
432 323 543 357 meriti
573 336 693 356 eorum
724 321 827 365 gratia
863 323 906 354 ad
939 321 1171 366 posteritatem

41 385 147 418 carnis
181 399 319 430 quoque
344 395 376 418 ct
400 384 568 427 sanguinis
592 383 770 428 pertinere.
830 384 931 416 Nunc
963 396 1062 423 vero,
1093 396 1171 415 curn

39 446 158 480 electio
184 460 303 480 corum
328 460 398 479 non
424 460 462 479 cx
488 446 648 491 operibus
671 447 757 478 facta
773 445 823 485 sit,
847 445 902 477 scd
932 457 969 476 cx
993 444 1170 488 proposito

38 508 114 548 Dei,
141 518 173 541 et
186 509 222 553 ²)
248 522 285 541 ex
301 508 450 541 vocantis
468 507 619 547 arbitrio,
643 507 908 551 promissionum
921 505 958 551 3)
977 505 1079 548 gratia
1099 518 1171 537 non

38 569 73 602 in
96 569 173 602 filiis
198 570 305 602 carnis
329 569 498 614 impletur,
523 570 581 602 sed
604 569 638 602 in
664 568 740 601 filiis
765 568 851 607 Dei,
874 569 939 600 hoc
964 576 1022 607 est,
1046 566 1103 611 qui
1127 566 1171 599 si-

38 631 163 664 militer
186 640 224 663 ut
247 630 310 675 ipsi
336 644 373 664 ex
398 631 577 675 proposito
601 629 669 663 Dei
693 628 918 673 eliguntui·,⁴)
949 638 980 661 ct
1003 630 1172 672 adoptan—

38 702 93 724 tur
118 692 152 725 iu
177 692 276 724 filios.
314 691 517 737 Completur
533 704 682 736 namque
698 690 797 724 etiam
822 690 857 723 in
882 690 931 723 his
956 690 1053 729 illud,
1078 690 1174 734 quod

38 752 154 799 jam⁵)
179 767 280 798 supra
305 753 538 798 exposuimus,
570 753 647 798 quia
684 765 791 797 „quos
803 752 839 794 6)
869 751 1062 796 praescivit,
1095 751 1173 784 illos

39 824 71 848 et
94 814 368 859 praedestinavit:
394 825 426 848 et
450 828 535 859 quos
559 813 836 859 praedestinavit,
867 813 943 846 illos
969 823 1000 845 et
1024 812 1173 850 vocavit:

40 886 72 909 et
99 890 183 921 quos
208 876 354 915 vocavit,
391 876 468 909 illos
493 886 526 908 et
555 875 762 921 justificavit:
794 884 826 907 et
857 888 942 919 quos
974 873 1174 920 justificavit,

39 938 116 971 illos
142 948 174 971 et
207 938 437 981 glorificavit.“
491 937 727 982 Quaecunque
758 945 871 969 autem
902 937 944 969 de
958 936 992 981 ⁷)
1025 936 1074 968 his
1105 949 1174 968 ser—

41 1000 203 1032 monibus
233 1012 333 1043 supra
367 999 600 1043 exposuimus,
637 1000 756 1032 eadem
789 998 888 1030 etiam
921 999 963 1030 ad
992 996 1175 1041 praesentis

43 1059 110 1092 loci
137 1060 406 1104 explanationem
421 1061 458 1101 ⁸)
491 1060 566 1093 satis
597 1061 801 1103 abundeque
833 1058 1023 1098 sufficiunt,
1047 1070 1091 1090 ne
1114 1057 1175 1090 ite—

44 1122 152 1153 rando
179 1122 298 1153 eadem
323 1121 494 1153 fastidium
520 1121 706 1163 legentibus
732 1132 936 1161 generemus.

136 1184 186 1217 16.
210 1182 326 1225 „Quid
343 1183 378 1226 9)
404 1196 482 1224 ergo
508 1181 683 1215 dicemus?
714 1183 805 1214 Num
835 1180 915 1225 quid
948 1180 1105 1225 iniquitas
1130 1189 1178 1213 est

44 1244 135 1287 apud
161 1242 300 1276 Deum?
327 1244 433 1277 Absit.
488 1244 577 1276 Mosi
611 1243 700 1275 enim
731 1242 848 1274 ‹licit:“
872 1241 1178 1284 „„miserebor¹⁰)

46 1303 140 1349 cujus
166 1304 346 1344 misereor,
386 1314 418 1337 et
447 1304 715 1337 misericordiam
745 1303 924 1347 praestabo
952 1302 1005 1334 cui
1040 1303 1178 1335 misere-

44 1367 171 1398 bor.““
218 1365 343 1407 „Igitur
367 1380 437 1399 non
461 1365 621 1405 volentis,
646 1378 758 1409 neque
787 1364 966 1403 currentis,
998 1366 1056 1397 sed
1080 1363 1177 1398 mise-

45 1427 146 1460 rentis
165 1435 213 1460 est
229 1426 304 1459 Dei.
338 1427 429 1460 Dicit
450 1427 540 1460 enim
557 1426 732 1471 Scriptura
750 1424 921 1458 Pharaoni
933 1429 961 1457 :“
981 1426 1108 1470 „„quia
1124 1427 1131 1445 ¹
1146 1427 1180 1469 ¹)

142 1621 176 1665 ¹)
200 1620 292 1653 Editi
318 1620 365 1664 (v.
397 1633 423 1653 c.
455 1620 532 1651 edd.
563 1619 649 1663 M.):
682 1618 844 1658 „fuissent
877 1620 918 1652 ad
950 1632 1004 1659 ea,
1037 1618 1182 1663 quaein

49 1680 147 1699 carne
170 1665 273 1710 positi
298 1663 540 1710 quaesierant.“
564 1664 606 1697 R

138 1722 176 1766 ²)
202 1722 306 1754 Deest
329 1724 403 1761 „et“
427 1719 461 1752 in
485 1720 561 1752 edd.
588 1720 636 1752 M.

141 1778 177 1822 ³)
202 1777 290 1812 Edd.
314 1776 471 1809 NIerlini:
497 1775 742 1819 promissionis.

145 1832 179 1877 ⁴)
205 1833 293 1866 Edd.
318 1831 474 1865 Merlini:
501 1831 676 1873 eligantur,
701 1841 732 1865 et
758 1832 964 1875 adoptentur
989 1840 1049 1865 etc.

144 1888 179 1932 ⁵)
203 1889 309 1921 Deest
334 1887 445 1932 „jam“
469 1887 504 1919 in
530 1888 606 1920 edd.
631 1888 679 1920 M.
752 1888 789 1931 6)
813 1888 915 1920 Rom.
938 1887 1031 1927 VIII,
1054 1887 1107 1922 29.
1129 1887 1183 1922 30.

144 1942 181 1987 ⁷)
204 1944 292 1976 Edd.
316 1942 472 1976 Merlini:
498 1956 535 1976 ex
561 1942 621 1975 his.

145 1998 181 2041 Β)
206 1998 297 2031 Εάἰιί
327 1999 381 2051 (e.
415 2014 441 2032 c.
475 2001 553 2032 edd.
584 1999 671 2042 M.:)
701 1997 1010 2042 ,dispensationem
1042 1998 1119 2032 satis
1144 2018 1185 2024 —

55 2042 236 2081 sufficiunt,
259 2057 303 2076 ne
326 2044 446 2077 iterato
471 2043 665 2077 fastidiun1“
691 2052 752 2075 etc.
777 2044 818 2076 R.

148 2098 185 2141 ⁹)
208 2099 309 2132 Rom
334 2100 576 2140 1X,14-19.

127 2154 182 2197 ¹⁰)
208 2155 317 2187 Exod.
342 2156 504 2195 XXXIII,
544 2156 596 2189 19.
629 2155 707 2187 0011.
732 2155 832 2187 Rom.
857 2155 925 2195 IX,
957 2155 1008 2189 15.
1033 2172 1075 2178 —
1100 2153 1189 2186 Edd.

55 2199 211 2231 Men-lini:
237 2200 446 2238 „miserebor
470 2200 523 2232 cui
548 2200 703 2232 misertus
728 2204 836 2232 sum.“

129 2254 184 2297 ¹²)
209 2256 319 2288 Exod.
353 2256 411 2295 ix,
446 2257 499 2290 16.
525 2257 600 2288 0011.
626 2256 725 2287 Rom.
753 2255 811 2295 lx,
838 2257 887 2290 17.
914 2277 957 2284 -.
981 2254 1071 2288 Edd.
1096 2254 1188 2287 Mer-

58 2299 134 2332 lini:
161 2301 263 2344 „quia
288 2300 322 2333 iu
348 2302 414 2333 hoc
440 2301 552 2345 ipsum
576 2300 713 2334 excitavi
737 2305 801 2332 te.“

842 2362 917 2395 11*
