1392 2464
164 111 183 132 Χ
597 108 874 132 PROLEGOMENA.

165 192 266 233 νοῦς,
304 191 365 222 καὶ
391 191 454 233 τῆς
478 191 540 224 τοῦ
566 188 675 235 ἁγίου
712 188 916 235 πνεύματος
947 187 1123 234 θεότητος·
1154 190 1296 225 librum

162 263 255 287 vero
285 251 386 285 unde
417 251 528 285 illum
564 252 708 287 eruerit
740 263 816 286 non
855 251 1024 297 notavit3
1064 253 1132 287 sed
1165 254 1299 288 eadem

163 315 281 348 verba
305 312 548 358 reperiuntur
572 313 612 348 in
624 314 941 359 interpretatione
961 313 1094 349 Rufini
1117 313 1208 349 libri
1233 318 1299 349 Ill.

162 387 267 411 num.
293 376 328 410 8.
354 379 504 410 Rursus
523 375 711 421 Origenes
725 378 848 411 'l'omo
862 376 1036 412 XVII.in
1062 377 1301 411 Matthaeum

162 449 264 472 num.
291 438 363 483 32„
389 437 558 482 plurima
575 438 869 473 Commentariis
895 438 975 474 suis
999 437 1039 472 in
1065 449 1125 483 ep.
1152 439 1200 472 ad
1224 441 1300 473 Ro-

162 510 295 534 manos
322 511 343 533 a
369 510 409 534 se
437 499 537 534 dicta
561 500 683 535 fuisse
703 499 822 534 refert
836 500 876 534 in
896 501 995 535 hunc
1012 500 1188 546 Apostoli
1214 511 1302 534 con-

161 565 327 596 textum:
354 572 433 606 „an
456 560 658 607 ignoratis,
676 562 709 606 Γ)
734 562 888 604 fratres,
903 584 946 588 -
962 561 1173 598 scientibus
1199 561 1302 597 enim

161 626 286 669 legem
319 625 454 668 loquor
485 643 549 665 —-,
582 624 671 670 quia
702 626 765 659 lex
796 623 837 658 in
874 624 1029 659 homine
1061 624 1294 670 dominatur,

160 691 302 731 quanto
326 691 499 731 tempore
523 685 668 732 vivit,“
695 692 764 720 etc.
792 698 913 731 usque
935 688 982 721 ad
1000 686 1060 721 id:
1088 686 1154 732 „si
1178 686 1298 721 fuerit

164 759 254 781 cum
272 747 347 782 alio
362 748 480 782 viro.“
514 747 630 782 Aliud
652 760 803 793 quoque
828 760 848 783 e
875 751 998 783 Tomo
1020 752 1087 787 IX,
1110 749 1300 795 fragmen-

160 815 241 844 tum
265 810 376 844 nobis
402 810 515 845 offert
538 815 650 856 caput
670 810 903 845 Philocaliae
928 823 1083 846 nonum.
1127 811 1302 856 Denique

164 871 351 917 Origenes
385 872 524 906 iterum
562 873 630 906 lib.
657 875 752 908 vm.
785 877 916 907 contra
945 874 1110 908 eundem
1148 875 1301 909 Celsum

159 945 264 968 num.
295 935 353 969 65.
387 933 479 969 dicit
510 933 684 979 pluribus
722 933 760 968 in
792 934 943 969 varium
976 946 1131 970 sensum
1162 947 1203 970 se
1229 941 1303 970 tra-

158 1000 282 1030 ctasse
307 996 354 1030 de
378 995 440 1031 his
464 995 686 1030 versiculis:
714 996 871 1041 „omnis
896 997 1071 1042 anima2)
1106 997 1302 1042 potestati—

158 1057 229 1091 bus
254 1058 575 1102 praecellentibus
601 1058 756 1093 subdita
778 1058 841 1093 sit.
898 1062 979 1093 Non
1012 1064 1070 1094 est
1104 1060 1207 1094 enim
1233 1071 1300 1105 po-

159 1123 277 1153 testas
301 1118 377 1154 nisi
409 1130 431 1154 a
464 1123 566 1154 Deo:
595 1131 695 1165 quae
733 1124 861 1154 autem
895 1125 984 1154 sunt
1016 1125 1247 1167 potestates,
1282 1132 1303 1155 a

159 1182 241 1215 Deo
268 1181 467 1217 ordinatae
494 1187 601 1218 sunt:
636 1181 767 1227 itaque
803 1181 870 1225 qui
901 1182 1083 1226 potestati
1104 1183 1302 1224 resistunt,

157 1242 230 1277 Dei
257 1243 487 1278 ordinationi
511 1243 738 1278 resistunt.“
786 1245 915 1288 Atque
939 1245 1034 1278 haec
1060 1256 1146 1279 cum
1171 1244 1300 1289 legiti-

158 1316 263 1339 mum
288 1306 470 1340 horumce
497 1305 866 1340 Commentariorum
891 1310 1084 1340 auctorem
1107 1306 1302 1340 Adaman-

158 1367 254 1401 tium
279 1378 365 1402 esse
389 1366 604 1402 clarissime
625 1368 903 1412 demonstrent,
931 1379 1008 1401 non
1031 1367 1221 1402 dubitavit
1246 1372 1301 1402 ta-

156 1440 245 1463 men
269 1429 438 1463 novitius
463 1429 620 1474 quidam
646 1429 809 1474 scriptor
833 1430 1092 1464 heterodoxus
1106 1430 1176 1465 hos
1197 1429 1302 1476 ipsos

158 1491 197 1525 in
222 1490 558 1537 supposititiorum
583 1491 762 1537 origenis
788 1491 1019 1537 scriptorum
1044 1491 1186 1526 seriem
1214 1503 1302 1527 con-

156 1553 293 1599 jicere:
320 1564 341 1587 a
362 1553 552 1588 Gulielmo
577 1553 763 1589 Perkinso
789 1554 969 1600 delusus,
1002 1555 1068 1599 qui
1101 1565 1166 1589 eos
1201 1556 1301 1589 male

156 1616 312 1661 quidem
337 1627 359 1650 a
383 1615 522 1650 Rufino
556 1627 762 1651 conversos
787 1615 965 1662 scripsit,
1004 1617 1104 1661 quod
1137 1615 1296 1651 verissi-

155 1690 263 1713 mum
287 1682 360 1724 est,
387 1678 544 1724 Origeni
569 1689 660 1713 vero
675 1678 772 1713 salso
788 1689 873 1713 esse
887 1677 1050 1713 tributos
1074 1679 1300 1724 neutiquam

157 1741 354 1787 cogitavit.

245 1806 440 1838 Hactenus
461 1802 625 1837 Rufinus
650 1807 687 1836 et
710 1805 876 1836 Ruaeus.
905 1802 1014 1846 Boni,
1041 1803 1075 1838 si
1100 1803 1299 1849 placuerit,

157 1868 328 1901 consulat
352 1868 510 1910 Lector,
544 1870 696 1911 egomet
727 1864 811 1909 ipse
844 1875 913 1899 suo
945 1864 1099 1911 singula
1130 1870 1301 1911 tempore

155 1927 369 1962 accuratius
392 1939 462 1973 pro
487 1925 635 1961 viribus
660 1927 902 1962 examinabo.

225 1989 451 2025 Scribebam
483 1988 738 2034 Vitebergae,
772 1990 835 2023 die
860 1990 1036 2025 XXVIII.
1063 1999 1180 2024 mens.
1207 1988 1299 2033 Maii

154 2065 188 2085 a.
214 2053 586 2088 MDCCCXXXVII.

254 2147 287 2189 ⁸)
313 2147 412 2180 Rom.
439 2148 513 2187 Vll,
539 2150 567 2180 1.
593 2149 624 2181 2.
649 2149 682 2181 3.
778 2148 813 2191 2)
838 2147 940 2180 Rom.
965 2147 1061 2187 XIII,
1086 2149 1116 2181 1.

677 2250 903 2291 Eduardus
935 2247 1240 2291 Lommatzsch.
