1377 2454
187 88 233 123 96
459 87 638 122 Ommzms
661 98 700 122 m
723 88 785 122 ΕΡ.
811 100 858 123 An
884 90 1064 125 Romanos

188 192 265 211 rum
290 191 447 212 meorum
472 180 507 212 in
533 181 640 213 corde
664 193 762 220 meo,
791 181 1042 215 consolationes
1066 191 1145 215 tuae
1167 181 1329 216 laetifica-

188 250 310 273 verunt
342 240 489 274 animam
522 245 665 275 meam.“
721 241 824 274 Unde
849 252 954 286 puto,
982 244 1076 287 quod
1100 243 1136 276 in
1161 243 1329 288 praesenti

188 302 253 335 vita
287 303 494 342 consolatio,
529 316 615 348 quae
647 304 744 335 datur
768 302 879 347 justis,
910 306 1099 338 secundum
1135 319 1330 339 mensuram

190 364 401 397 cruciatuum
420 364 452 409 ¹)
488 375 519 398 et
550 365 728 397 vulnerum
756 365 873 397 detur:
904 366 1018 398 futura
1031 367 1065 410 ²)
1098 380 1178 399 vero
1212 365 1330 407 gloria,

191 427 234 458 de
259 440 323 470 qua
340 427 525 470 Apostolus
545 426 633 465 dicit,
658 426 735 469 quia
759 427 1033 471 „revelabitur-³)
1053 428 1087 460 in
1103 428 1233 466 nobis,“
1257 441 1331 460 non

189 489 378 521 secundum
404 501 600 520 mensuram
618 487 835 532 passionum:
861 502 953 528 „non
967 487 1003 531 ⁴)
1028 489 1116 522 enim
1144 489 1332 530 condignae

190 551 316 592 sunt5)
332 549 503 594 passiones
528 548 627 594 hujus
648 550 811 593 temporis
831 551 873 582 ad
890 551 1039 584 suturam
1065 551 1219 592 gloriam,
1245 563 1332 594 quae

191 611 395 643 revelabitur
419 611 474 642 in“
489 610 626 643 sanctis:
643 613 712 651 sed,
732 611 817 644 sicut
831 613 873 644 ad
889 611 1087 645 Corinthios
1102 612 1230 644 dictum
1249 624 1333 655 pro-

190 671 389 714 tulinius,⁶)
415 685 453 703 ex
478 682 719 705 momentaneo
754 683 784 705 et
814 674 877 706 levi
912 673 1173 707 tribulationum
1199 682 1332 705 nostra-

191 748 268 766 rum
293 734 413 765 labore
436 734 563 766 semina
588 736 755 778 quaedam
784 734 927 767 collecta
950 749 1052 780 supra
1076 736 1220 768 modum
1245 733 1331 778 in7)

190 793 447 838 immensumss)
464 795 564 828 nobis
588 806 744 829 aeternae
767 798 906 841 pondus
926 797 1052 838 gloriae
1069 797 1334 841 praeparabunt.

194 856 302 900 Quod
328 870 407 889 vero
433 856 532 888 etiam
559 857 594 890 in
625 858 794 902 praesenti
816 858 882 890 vita
907 857 999 903 justis
1022 859 1211 891 secundum
1236 870 1335 889 mern

192 931 304 952 suram
330 917 526 962 passionum
557 933 694 952 suarum
733 921 832 952 etiam
846 919 881 963 ⁹)
915 920 1103 952 consolatio
1137 920 1249 952 divina
1273 919 1337 951 tri—·

192 982 329 1019 buatur,
355 980 536 1012 confirmat
569 980 661 1012 idem
687 982 872 1024 Apostolus
905 980 940 1013 in
964 983 1112 1014 secunda
1138 981 1180 1013 ad
1207 979 1335 1013 Corin-

193 1042 283 1075 thios
306 1041 473 1074 scribens:
506 1042 675 1085 „quia¹⁰)
704 1042 788 1075 sicut
814 1044 990 1075 abundant
1014 1042 1184 1086 passiones
1211 1040 1334 1074 Christi

193 1104 228 1137 in
256 1103 367 1142 nobis,
391 1102 436 1134 ita
462 1104 615 1135 abundat
649 1113 679 1136 et
713 1103 903 1137 consolatio
928 1108 1073 1137 nostra.“
1120 1103 1163 1136 Et
1185 1117 1259 1136 non
1283 1102 1335 1136 di-

193 1165 255 1198 xit:
281 1177 383 1208 supra
409 1166 553 1197 modum
581 1166 742 1205 abundat,
768 1163 913 1208 aut:¹¹)
944 1164 980 1196 in
1005 1164 1225 1205 immensum3
1257 1166 1334 1198 sed:

197 1236 362 1272 quantum
386 1226 560 1270 passiones
584 1236 674 1266 sunt,
704 1236 836 1259 tantum
864 1235 894 1258 et
919 1226 1178 1261 consolationes.
1227 1226 1335 1269 Quod

197 1299 309 1322 autem
337 1288 434 1321 dicit:
469 1287 606 1332 „ad¹²')
639 1289 788 1320 suturam
821 1287 982 1328 gloriam,
1013 1301 1100 1331 quae
1131 1288 1335 1321 revelabitur

196 1353 231 1385 in
255 1350 393 1383 nobis:“
415 1363 517 1394 supra
534 1348 600 1394 jam
618 1359 702 1393 puto
729 1349 823 1394 quod
843 1348 1050 1381 sufficienter
1066 1350 1274 1382 ostendimus
1293 1350 1336 1382 de

198 1412 389 1446 differentia
422 1412 627 1452 gloriarum,
666 1423 752 1454 quae
774 1411 816 1442 sit
840 1411 964 1452 gloria,
988 1424 1074 1455 quae
1098 1410 1166 1455 jam
1192 1412 1336 1444 revelata

198 1484 262 1514 est,
296 1483 327 1506 ct
351 1486 437 1517 quae
459 1472 516 1511 sit,
548 1485 634 1517 quae
660 1473 841 1505 revelanda
865 1471 924 1512 sit;
958 1481 988 1504 et
1015 1473 1214 1516 quomodo,
1250 1484 1336 1515 quae

196 1550 290 1570 nunc
314 1536 478 1573 videmus,
500 1532 635 1578 per¹³)
660 1535 860 1578 „speculum
885 1534 1037 1567 videmus
1061 1542 1093 1566 et
1114 1533 1151 1566 in
1164 1533 1334 1575 aenigma-

294 1658 328 1702 Ι)
352 1658 440 1690 Edd.
466 1656 622 1689 Mox—lini:
647 1656 838 1695 „cruciatus
862 1657 1041 1689 vulnerum
1067 1657 1197 1688 detur.“
1221 1655 1260 1688 R.

291 1715 329 1758 ²)
354 1714 444 1747 Alias
469 1714 514 1758 (V.
530 1713 602 1745 c.in
627 1714 701 1746 edd.
720 1713 807 1754 M.):
833 1714 987 1751 „suturae
1011 1724 1091 1743 vero
1117 1711 1273 1750 gloriae.“
1296 1710 1335 1743 R.

291 1772 328 1813 3)
353 1771 456 1803 Rom.
484 1769 574 1809 VlIl,
599 1769 651 1803 18.
748 1767 784 1812 4)
808 1769 909 1801 Rom.
937 1769 1026 1808 VIII,
1051 1768 1101 1801 18.

293 1828 328 1870 5)
355 1826 444 1859 Alias
480 1827 524 1869 (v,
559 1840 585 1858 c.
618 1826 654 1858 in
681 1826 755 1858 edd.
781 1824 865 1868 MA)
890 1834 989 1865 „sunt
1012 1825 1075 1857 hae
1098 1823 1269 1868 passiones
1294 1823 1336 1855 ad

198 1875 346 1907 suturam
373 1871 533 1912 gloriam:
557 1873 616 1904 sed
638 1871 745 1904 sicut“
770 1880 829 1902 ete.
855 1870 894 1902 Px.

292 1928 329 1972 ὃ)
354 1928 385 1959 II
412 1927 494 1960 Cor.
518 1927 577 1966 IV,
597 1928 648 1961 17.
744 1925 780 1969 7)
804 1925 908 1958 Deest
933 1925 1010 1964 „in“
1034 1925 1067 1957 in
1094 1926 1144 1957 ed.
1169 1925 1217 1958 M.
1238 1923 1281 1957 Il.

292 1984 329 2027 8)
358 1983 464 2016 Alias:
506 1983 563 2022 „iu
603 1983 805 2014 immensum
845 1981 946 2013 nobis
993 1990 1167 2013 aeternum
1211 1979 1338 2021 gloriae

200 2032 357 2075 pondus“
384 2038 443 2060 etc.
469 2028 508 2060 R.
535 2048 575 2052 —
602 2027 666 2059 Ed.
699 2027 746 2059 M.
771 2026 803 2057 I:
836 2026 892 2065 „in
921 2027 1127 2059 immensum
1157 2026 1256 2058 nobis
1281 2037 1337 2057 ae-

198 2086 333 2108 ternum
359 2074 497 2118 pondus
521 2073 667 2114 gloriae“
692 2081 753 2104 etc.

294 2130 330 2174 ⁹)
354 2130 459 2162 Deest
482 2130 625 2168 „etiam‘·
650 2128 685 2160 in
711 2129 760 2160 ed.
786 2127 834 2161 M.
859 2127 898 2160 ῙΪ.
1004 2127 1061 2171 ¹⁰)
1087 2126 1120 2158 ῙῙ
1149 2125 1230 2159 Cor.
1256 2125 1282 2165 I,
1304 2125 1335 2158 5.

275 2187 331 2230 11)
356 2186 413 2219 Sic
437 2195 527 2218 recte
550 2184 638 2217 Msc.
660 2197 746 2216 unus
771 2183 851 2224 Reg.
875 2196 969 2216 num.
1002 2183 1098 2218 1639.
1126 2181 1257 2215 Caeteri
1282 2193 1345 2214 ve-r

202 2246 241 2266 ro
267 2232 355 2271 Mss.,
381 2240 412 2263 et
438 2230 517 2264 editi
540 2231 586 2275 (V.
613 2243 638 2263 c.
666 2230 742 2262 edd.
768 2228 835 2272 Μ.)
860 2238 939 2268 „aut
962 2228 997 2261 in
1022 2232 1211 2260 mensura.“
1236 2227 1275 2259 R.

272 2288 329 2332 ¹2>
354 2288 456 2321 Rom.
481 2285 573 2327 vm,
596 2285 649 2321 18.
747 2284 804 2329 ¹³)
829 2284 844 2317 1
870 2283 950 2318 cor.
974 2284 1068 2325 xm,
1092 2284 1143 2318 12.
