1320 2444
345 45 696 79 COMMENTARIORUM
727 45 799 79 Lm.
827 46 870 78 X.
1104 49 1170 82 427

35 138 103 171 riae
125 144 304 182 potestates
327 135 360 169 in
388 135 542 169 oratione
566 135 679 180 primo
705 148 766 180 per
790 135 886 175 illud,
910 147 954 168 ne
977 136 1050 170 talis
1074 135 1167 168 inve-

36 199 147 232 niatur
170 197 261 243 is,')
299 195 414 241 quiin
449 197 610 230 orationis
641 209 749 238 agone
777 198 934 237 desudat,
966 206 1002 230 ut
1033 197 1167 242 levct2)

36 271 156 304 „puras
182 272 301 292 manus
322 258 394 292 sine
417 258 497 292 ira.“
546 257 701 302 Quod-³)
726 268 758 291 ct
780 259 807 292 si
831 259 898 291 hoc
916 259 988 303 quis
1014 259 1169 291 obtinere

33 320 194 365 potuerit,
217 329 255 353 ut
276 320 349 354 sinc
373 320 421 353 ira
445 320 495 360 sit,
519 319 569 352 vix
595 329 642 353 est
665 329 702 352 ut
722 320 859 362 effugiat
876 333 944 353 esse
968 319 1038 353 sine
1063 320 1170 352 disce-

34 381 196 426 ptatione,
220 382 288 415 hoc
315 390 379 420 est,
411 381 483 415 sine
514 381 691 425 superfluis
724 391 756 414 et
778 383 871 415 vanis
897 381 1166 422 cogitationibus.

35 443 97 476 Vix
124 443 213 476 enim
236 442 395 483 invenies,
418 452 456 476 ut
481 442 589 476 oranti
614 442 771 487 cuiquam
805 457 876 477 non
905 441 1033 486 aliquid
1058 442 1167 475 inanis

34 513 66 536 et
97 503 225 537 alienae
257 504 469 545 cogitationis
501 513 675 545 occurrat,
705 514 736 537 et
758 505 1001 544 intentionem,
1035 517 1100 547 qua
1133 503 1169 536 in

35 565 148 597 Deum
175 579 270 599 mens
302 565 471 607 dirigitur,
505 566 649 600 declinet
679 579 717 598 ac
743 567 894 608 frangat,
919 575 1019 610 atque
1033 565 1065 609 4)
1093 578 1168 598 eam

32 639 95 670 per
118 639 166 666 ea,
192 639 278 671 quae
301 640 373 660 non
399 628 578 672 competit,
603 626 720 672 rapiat.
766 627 856 670 Et5)
880 626 958 660 ideo
985 639 1071 668 agon
1095 640 1169 659 ma-

33 700 115 729 gnus
142 697 189 721 est
212 688 393 728 orationis,
429 698 466 721 ut
491 688 729 722 obsistentibus
752 689 912 728 inimicis,
944 698 975 721 ct
1006 687 1168 720 orationis

31 761 165 782 sensum
189 749 224 782 in
250 750 378 783 diversa
403 750 623 795 rapientibus,
646 751 709 783 fixa
731 752 774 784 ad
793 751 908 782 Deum
923 761 1057 793 semper
1072 762 1168 781 mens

30 810 140 844 stabili
163 811 352 853 intentione
375 813 569 852 contendat,
592 821 629 844 ut
652 812 773 845 merito
794 812 900 857 possit
923 811 1021 844 etiam
1035 809 1071 855 6)
1096 810 1169 854 ipse

32 871 161 905 dicere:
185 883 375 913 „certamen
391 872 427 917 7)
444 874 575 906 bonum
591 873 723 912 certavi,
748 886 883 906 cursum
903 871 1168 905 consummavi.“

30 933 131 966 Nunc
163 946 241 975 ergo
276 944 350 967 orat
381 935 565 978 Apostolus
601 933 754 979 adjuvari
781 948 816 968 se
846 934 879 967 in
905 946 1014 975 agone
1039 933 1167 966 oratio-

33 1008 134 1036 num,
170 1005 208 1028 ut
230 996 392 1029 liberetur
417 996 458 1028 ab
482 994 682 1034 incredulis,
713 994 771 1039 qui
800 1004 878 1028 sunt
900 995 936 1028 in
959 995 1110 1034 Judaea,
1147 1007 1166 1027 a

31 1057 154 1100 quibus
177 1070 249 1090 non
274 1066 340 1090 tarn
365 1058 435 1101 pati
466 1057 577 1097 timet,
609 1055 768 1101 neque⁸)
806 1058 957 1102 perferre
988 1069 1042 1096 ea,
1079 1069 1193 1103 quaen

30 1119 74 1151 ad
97 1119 317 1163 Apostolatus
342 1117 411 1165 ejus
435 1118 577 1160 gloriam
598 1119 778 1162 pertinent,
805 1131 907 1162 quam
926 1117 1087 1162 impediri
1110 1131 1166 1150 ve-

31 1189 140 1220 retur,
178 1194 223 1213 ne
254 1180 379 1215 diutius
414 1181 593 1214 obstaculis
620 1193 740 1213 eorum
765 1190 931 1220 retentus,
964 1180 1017 1213 vel
1053 1180 1165 1213 minus

31 1251 161 1284 gratum
194 1241 347 1274 exhibeat
383 1243 504 1275 sanctis
535 1242 776 1282 ministerium,
813 1240 956 1287 qu0d9)
990 1250 1021 1274 et
1052 1241 1165 1285 ipsum

31 1303 242 1336 orationibus
266 1303 409 1344 indiget,
434 1312 472 1335 ut
496 1304 554 1336 fiat
578 1312 772 1348 acceptum:
804 1305 854 1336 vel
884 1317 927 1336 ne
960 1301 1164 1336 desiderium

31 1365 111 1412 ejus,
135 1365 229 1409 quod
254 1377 330 1406 erga
354 1365 529 1398 Romanos
562 1366 663 1398 habet
691 1365 857 1405 visendos,
881 1365 1005 1398 diutius
1028 1365 1165 1398 differa-

124 1532 160 1576 ¹)
184 1532 288 1565 Deest
311 1533 377 1571 ‚,is“
402 1532 437 1565 in
463 1533 538 1565 edd.
564 1531 612 1564 M.
707 1532 744 1576 2)
771 1531 841 1566 Csr.
866 1533 880 1564 I
906 1531 995 1564 Tim.
1020 1531 1062 1572 Il,
1087 1532 1118 1565 8.

122 1588 160 1632 3)
184 1588 275 1621 Editi
298 1588 344 1632 (c.
370 1601 396 1620 c.
423 1589 498 1621 edd.
524 1588 606 1632 Μ.);
642 1587 772 1632 „Quod
806 1598 835 1621 ct
861 1588 888 1620 si
913 1588 986 1631 quis
1010 1589 1164 1621 obtinere

56 1634 177 1670 otuerit
210 1638 268 1666 ut“
293 1643 353 1666 etc.

29 1650 51 1682 P
122 1691 158 1736 ⁴²)
180 1659 274 1724 'Editi
297 1690 344 1732 (v.
369 1702 396 1723 e.
423 1689 497 1722 edd.
524 1689 608 1732 M.)z
641 1702 774 1733 „neque
798 1702 872 1721 enm
896 1702 957 1733 per
983 1701 1068 1732 quae
1092 1688 1163 1733 (aL,

29 1739 179 1782 itemque
204 1739 280 1770 edd.
306 1735 363 1774 M.,
387 1747 453 1779 per
478 1734 606 1779 quam)
630 1748 700 1766 non
728 1734 891 1777 competit
916 1734 1054 1778 rapiat.“
1078 1733 1116 1766 R.

125 1793 161 1838 ⁵)
185 1793 269 1825 Msc.
302 1791 381 1832 ch.
413 1805 506 1823 num.
539 1791 636 1825 1639.
669 1791 734 1829 „Et
765 1791 842 1823 ideo
877 1789 954 1834 quia
978 1802 1065 1830 agon
1090 1802 1163 1822 ma—

31 1852 113 1881 gnus
146 1848 193 1870 est
223 1836 400 1875 orationis,
433 1836 690 1869 obsistentibus-‘⁴
721 1845 781 1868 etc.
807 1835 930 1867 omisso
957 1838 1045 1873 ,‚ut.“
1093 1835 1161 1867 Sed

32 1884 131 1918 ceteri
155 1883 247 1922 Mss.‚
271 1882 440 1920 Rabanus,
466 1891 496 1914 et
521 1881 599 1914 editi
616 1886 662 1924 (v,
679 1895 706 1913 e.
724 1882 798 1913 edd.
817 1880 884 1925 Μ.)
900 1890 935 1912 ut
956 1881 990 1911 in
1006 1884 1106 1912 textu!
1121 1880 1161 1911 Pi.

123 1939 160 1982 6)
185 1939 267 1972 Msc.
294 1937 371 1978 Reg.
395 1950 487 1969 num.
513 1938 608 1973 1639.
633 1936 752 1975 „ctiam
778 1936 848 1980 ipsa
875 1936 1008 1968 diccre“
1039 1945 1098 1968 etc.
1124 1934 1162 1966 R.

30 2005 72 2011 .-.
88 1985 159 2037 ,Ειὶ
181 1985 232 2062 31.
256 1983 447 2046 1:“‚‚p0ssit
471 1983 540 2026 ipse
566 1992 596 2015 et
621 1983 770 2021 dicc1·e,“
805 1983 856 2014 ed.
883 1982 930 2014 M.
956 1980 1004 2012 Il:
1038 1981 1163 2024 „possit

32 2040 93 2063 cti
123 2043 156 2062 se
206 2043 303 2061 icere.

98 2044 157 2129 Ρ7)
182 2086 214 2117 II
238 2084 386 2118 Timoth.
412 2084 468 2123 IV,
492 2085 522 2118 7.

121 2141 158 2185 8)
183 2142 271 2174 Edd.
297 2141 452 2173 Merlini:
477 2143 544 2173 nec'
563 2142 714 2185 persei-re
739 2151 776 2172 ea
802 2149 860 2171 etc.

123 2197 159 2241 ⁹)
183 2199 232 2231 Ita
257 2198 337 2231 Mss.
362 2197 477 2231 nostri.
502 2197 593 2230 Editi
615 2210 692 2229 vero
708 2197 753 2241 (v.
781 2210 807 2228 c.
833 2196 907 2227 cdd.
933 2195 1020 2236 M.):
1045 2196 1160 2240 „quod

31 2252 62 2275 et
86 2243 164 2288 ipsis
191 2242 401 2278 orationibus
425 2243 646 2284 indigentium
673 2243 728 2275 siat
754 2244 962 2286 acceptum.“
987 2240 1025 2273 R.
