1377 2454
149 94 197 129 88
425 93 602 130 Omams
626 105 664 130 m
687 96 751 130 Ep,
774 104 822 130 An
849 95 1030 131 Rommos

157 185 247 217 inter
270 185 422 218 medium
455 186 678 227 Abimelech,
708 196 739 220 et
768 186 857 220 inter
885 187 1037 221 medium
1068 187 1220 222 virorum
1247 189 1302 222 Si-

160 246 386 280 ehimorum.“
432 247 497 282 Hic
530 262 610 290 ergo
644 247 779 293 spiritus
805 248 988 291 malignus,
1012 249 1069 294 qui
1103 250 1227 283 dieitur
1249 251 1302 283 vel

160 309 272 348 exisse,
296 318 332 342 ut
355 312 540 344 suffocaret
565 312 666 350 Saul,
700 311 750 343 vel
778 310 978 343 Abimelech
1004 311 1243 356 Sichimosque
1266 321 1304 346 ut

161 369 346 411 dirimeret,
371 381 402 404 et
425 385 442 404 a
468 373 625 406 Domino
652 373 752 405 exisse
785 386 822 405 ac
848 372 965 406 missus
990 386 1058 406 esse
1081 383 1303 413 memoratur,

159 440 322 475 tanquam
348 434 496 466 carnifex
520 434 660 478 quidam
689 433 925 475 intelligendus
952 444 999 467 est
1021 434 1139 468 missus
1164 437 1206 468 ad
1235 435 1303 468 exi-

161 495 285 533 gendas
311 495 353 526 de
378 495 616 539 peccatoribus
641 509 780 539 poenas.
826 495 870 527 Et
895 496 1046 540 quamvis
1063 496 1142 528 mali
1161 505 1305 540 propter

159 554 378 598 propositum
403 570 500 589 suum
527 558 805 601 voluntatemque
831 557 1003 597 dicantur,
1034 558 1068 591 in
1104 558 1153 591 his
1179 567 1304 597 tamen,

164 618 222 660 qui
247 631 359 661 poena
387 618 479 658 digni
503 628 590 658 sunt,
617 618 749 651 divinae
773 618 938 651 voluntati
972 619 1130 652 exhibent
1153 619 1302 651 ministe-

162 677 262 716 rium,
286 680 371 712 sicut
397 691 427 713 et
451 680 526 719 ille,
557 682 599 713 de
632 694 700 725 quo
736 682 837 712 refert
867 679 1088 724 Midmeas')
1123 681 1305 726 propheta,

160 738 296 782 spiritus
321 743 476 781 mendax,
502 743 570 786 qui,
596 756 673 775 cum
700 755 717 775 a
744 742 821 774 Deo
849 743 976 774 dictum
1002 742 1133 776 fuisset:
1157 742 1252 787 „quis
1266 741 1303 787 ²)

160 800 299 833 seducet
324 802 408 835 mihi
433 804 551 836 Achab
564 803 597 837 ?“
629 804 824 848 respondit:
857 816 940 844 „ego
965 805 1137 838 seducam.
1183 804 1228 836 Et
1253 804 1303 837 di-

160 860 207 892 xit
231 862 425 896 Dominus:
460 865 494 897 iu
521 865 614 909 quo?
663 865 758 908 At3)
789 865 864 898 ille:
898 879 974 905 ero,
1007 865 1135 910 inquit,
1169 866 1304 911 spiritus

161 924 309 957 mendax
340 925 376 958 in
409 940 468 958 ore
494 914 967 972 omnium'prophetarumffl
999 929 1079 969 εΗ)
1105 928 1237 967 dicam,
1268 936 1305 960 ut
1338 930 1342 933 ’

161 986 346 1019 adscendat
373 987 407 1020 in
435 987 578 1028 Galaad,
603 998 634 1021 et
658 988 704 1021 ibi
730 991 837 1022 cadet.
884 989 996 1032 ‚,Et5)
1017 989 1098 1022 dixit
1114 989 1304 1023 Dominus:

161 1035 266 1088 v:ide;
288 1050 445 1089 seduces,
478 1058 508 1081 et
522 1049 558 1093 6)
590 1051 729 1094 quidem
754 1051 914 1094 poteris.“
970 1051 1026 1083 Sic
1051 1063 1129 1092 ergo
1155 1051 1254 1083 etiam
1268 1050 1304 1096 7)

160 1108 208 1147 hi,
234 1109 292 1153 qui
318 1110 478 1143 dicuntur
507 1111 588 1143 mali
612 1111 764 1156 spiritus,
790 1112 943 1145 officium
969 1112 1046 1144 Deo
1073 1125 1148 1153 erga
1174 1126 1306 1156 poena-

160 1184 239 1203 rum
267 1172 425 1204 exhibent
449 1172 644 1205 ministeria.
690 1173 777 1206 Sunt
808 1182 983 1217 praeterea
1016 1183 1047 1206 et
1080 1174 1135 1207 alii
1159 1174 1306 1219 spiritus,

162 1233 207 1265 de
231 1234 354 1278 quibus
380 1235 460 1267 dicit
484 1233 661 1279 David18)
693 1235 748 1274 „in
764 1234 799 1278 ⁹)
831 1235 949 1279 spiritu
974 1234 1124 1268 violento
1140 1235 1196 1280 ¹⁰)
1222 1249 1306 1269 eon-

159 1304 245 1328 teres
269 1309 369 1329 naves
393 1296 566 1329 Tharsisz“
598 1305 629 1328 et
654 1295 882 1341 „spiritus¹¹)
908 1297 1108 1341 procellae⁴‘
1134 1298 1306 1338 dicuntur,

163 1366 195 1389 et
218 1358 444 1402 „spiritus¹²)
471 1357 632 1391 ardoris.“
674 1356 772 1399 Quos
796 1366 910 1390 tamen
935 1370 996 1399 ego
1021 1358 1208 1392 materiales
1231 1373 1306 1393 ma-

162 1420 220 1460 gis,
245 1432 346 1464 quam
373 1420 592 1453 rationabiles
615 1419 752 1464 spiritus
777 1419 929 1452 dixerim.

251 1482 282 1514 2.
309 1481 385 1514 Tali
423 1481 523 1522 igitur
565 1482 607 1514 de
649 1480 880 1525 appellatione
910 1481 1047 1525 spiritus
1091 1481 1305 1516 distinctione

258 1637 293 1680 ¹)
318 1637 407 1670 Edd.
435 1637 483 1670 M.
509 1647 539 1670 et
564 1637 604 1670 R.
630 1646 840 1671 constanter:
867 1637 1073 1678 ,‚Micheas.“

258 1692 295 1736 2)
320 1692 334 1723 I
359 1692 460 1735 Regg.
484 1694 597 1733 XXII,
621 1695 676 1727 20.
697 1695 751 1728 21.
775 1695 830 1730 22.
855 1693 923 1738 (III
948 1693 1069 1737 Regg.)

257 1748 294 1793 ³)
322 1750 427 1783 Alias:
449 1750 531 1789 „Ait
554 1750 626 1783 ille:
651 1750 734 1789 Ero,
757 1749 888 1794 inquit“
913 1758 972 1782 etc.
999 1749 1039 1782 R.

258 1804 295 1848 ⁴)
323 1805 374 1838 Cf.
399 1806 411 1837 l
440 1807 540 1848 Regg.
564 1807 676 1846 XXII,
699 1809 751 1841 20.
777 1806 845 1851 (III
870 1805 992 1849 Regg.)

257 1859 293 1904 ⁵)
320 1861 332 1893 I
359 1861 459 1903 Regg.
484 1863 595 1901 XXII,
619 1865 674 1897 22.

252 1916 289 1960 ⁶)
314 1918 407 1950 Ezliti
431 1920 478 1962 (v.
504 1933 530 1951 c.
557 1920 632 1951 edd.
657 1917 832 1961 Merlini):
862 1917 1044 1962 „equidem
1076 1917 1234 1962 poteris.“
1261 1919 1301 1952 R.

255 1973 292 2016 ⁷)
318 1974 404 2006 Edd.
428 1974 588 2006 Merlini:
615 1983 645 2007 et
669 1974 702 2012 ii,
728 1974 785 2019 qui
810 1983 870 2008 ete.

255 2028 292 2072 ⁸)
316 2029 354 2062 In
392 2030 483 2062 libris
521 2039 618 2063 antea
655 2030 751 2064 editis
788 2031 836 2075 (v.
869 2044 896 2063 e.
930 2030 966 2063 in
1006 2031 1082 2063 edd.
1116 2030 1185 2075 Μ.)
1212 2031 1303 2064 deest

161 2074 328 2115 „David.“
354 2075 391 2106 Γι.

257 2130 292 2174 9)
317 2130 438 2164 psalm.
462 2131 617 2170 xlma,
642 2133 670 2165 7.
695 2131 871 2176 (nvn.)

161 2231 172 2264 1
235 2186 292 2229 ¹⁰)
310 2186 355 2262 llzu
381 2187 474 2220 libris
499 2197 596 2220 antea
622 2188 716 2220 editis
741 2189 788 2231 (v.
815 2202 841 2220 c.
866 2187 900 2220 in
929 2189 1004 2221 edd.
1018 2186 1085 2232 M.)
1101 2189 1191 2221 deest
1208 2187 1301 2228 „vio-

177 2237 286 2264 ento.“
343 2257 349 2263 .

233 2287 289 2331 Η)
317 2287 439 2322 Psalm.
467 2287 572 2329 Cvn,
594 2289 647 2323 25.
672 2288 783 2333 (cv.)
889 2288 946 2334 ¹2)
971 2276 1070 2323 sesai.
1095 2288 1153 2328 lv,
1177 2289 1209 2323 4.
