1320 2444
158 85 226 120 350
435 84 612 118 Omssnms
635 95 673 118 m
696 84 758 118 ΕΡ.
781 92 828 118 AD
854 84 1032 120 ROMAuos

159 184 315 208 mortuus
340 184 402 214 est,
434 184 472 208 ut
505 184 536 208 et
566 175 639 219 ipse
671 175 860 209 imitatione
894 175 964 222 ejus
987 176 1092 222 possit
1115 177 1242 212 alienus
1268 188 1299 212 et

157 246 314 270 mortuus
346 236 435 269 effici
467 250 484 270 a
516 246 668 282 peccato.
725 238 794 270 Sed
826 247 858 271 et
887 238 974 272 vitae
1004 241 1194 284 exemplum
1225 254 1299 274 non

158 298 223 344 ipsi
248 312 285 331 ex
317 297 419 331 nobis
443 299 626 340 habemus,
650 302 708 333 sed
742 313 779 332 ex
806 299 931 333 Christi
955 302 1201 334 resurrectione
1228 316 1299 335 sus-

161 360 322 406 cipimus,
353 370 390 393 ut
425 360 517 393 idem
542 363 728 406 Apostolus
760 361 857 395 dicit:
891 363 1001 407 „ut¹)
1031 364 1116 396 sicut
1149 363 1298 398 Christus

158 421 339 456 resurrexit
363 435 381 454 a
405 422 549 455 mortuis
573 436 636 467 per
657 422 801 465 gloriam
823 423 942 464 Patris,
964 424 1009 457 ita
1035 434 1067 458 et
1089 438 1152 458 nos
1174 424 1209 457 in
1233 439 1299 457 no-

159 485 259 517 vitate
282 484 367 516 vitae
392 485 635 517 ambulemus.“
669 485 807 518 Novitas
833 498 912 527 ergo
937 486 1033 526 vitae,
1059 499 1124 531 qua
1148 486 1184 518 in
1199 484 1299 519 Chri-

158 555 209 579 sto
234 559 297 590 per
320 547 423 578 fidem
450 546 705 579 resurrectionis
730 545 799 591 ejus
825 547 984 588 vivimus,
1007 548 1163 582 Domino
1190 549 1298 594 depu-

157 608 306 651 tatur,²)
332 608 409 652 quia
434 621 507 640 non
541 621 558 640 a
583 607 701 648 nobis,
731 609 788 641 sed
815 610 857 641 ab
882 609 957 654 ipso
984 609 1086 642 sumit
1110 610 1299 650 exordium,

159 679 191 703 et
214 670 313 703 ideo:
336 669 472 713 „sive³)
496 669 646 708 vivimus,
672 669 827 703 Domino
851 670 1007 704 vivimus:
1030 672 1098 704 sive
1120 672 1298 711 morimur,

158 733 316 764 Domino
353 731 530 764 morimur.
587 731 664 763 Sive
700 731 801 772 igitur
830 731 987 772 vivimus,
1020 733 1087 766 sive
1117 734 1299 773 morimur,

160 793 305 826 Domini
339 797 486 826 sumus.“
549 792 700 825 Mortem
739 792 861 826 etenim
901 795 1049 838 appellat
1080 795 1192 835 illam,
1231 808 1299 839 qua

160 856 310 895 Christo,
332 865 370 888 ut
393 855 547 894 diximus,
571 854 821 900 consepulti,⁴²)
853 864 884 887 et
915 855 951 888 in
974 865 1086 889 morte
1109 857 1212 901 ipsius
1236 857 1298 890 ba-

157 917 291 964 ptizati,
321 926 464 962 peccato
490 917 617 949 mortui
640 930 772 956 sumus,
810 926 841 949 et
864 916 977 957 vitam,
1002 931 1067 962 qua
1092 918 1193 951 alieni
1215 919 1299 950 esse-

159 980 203 1012 cti
227 980 269 1012 ab
294 979 361 1011 hoc
386 980 536 1017 mundo,
563 988 611 1018 et,
643 987 679 1010 ut
702 977 774 1022 ipse
798 977 858 1017 ait,
884 978 967 1022 αἶ’)
993 980 1158 1019 „mortuis
1184 980 1298 1012 viven-

158 1045 238 1080 tes,“
261 1054 334 1073 non
357 1041 475 1081 nobis,
498 1041 533 1073 id
558 1050 622 1080 est,
646 1053 718 1073 non
745 1040 838 1072 carni
864 1040 1024 1080 vivimus,
1047 1042 1105 1074 sed
1129 1041 1224 1081 Deo,
1248 1054 1300 1074 se·

159 1103 313 1136 cundum
339 1115 395 1141 ea,
429 1115 515 1147 quae
547 1102 582 1135 in
615 1102 897 1146 subsequentibus
927 1100 1044 1146 jungit.
1096 1103 1157 1143 „In
1171 1103 1207 1147 6)
1232 1104 1300 1136 hoc

160 1165 261 1204 enim,
285 1164 406 1209 inquit,
431 1163 582 1196 Christus
607 1173 762 1197 mortuus
787 1173 834 1197 est
859 1173 890 1196 et
914 1163 1008 1204 vixit,
1041 1163 1126 1208 ut7)
1152 1174 1182 1197 et
1205 1178 1300 1197 mor-

159 1237 299 1260 tuorum
330 1235 361 1258 et
396 1225 552 1258 vivorum
594 1226 822 1259 dominctur.“
888 1226 1068 1258 Mortuum
1108 1226 1189 1259 dicit
1233 1238 1301 1260 esse

160 1288 334 1322 Christum
359 1288 609 1332 dispensatione
626 1288 698 1321 sine
720 1288 827 1321 dubio
846 1288 1025 1333 passionis:
1050 1287 1164 1321 vixisse
1187 1297 1300 1321 autem

158 1364 222 1396 per
252 1360 503 1384 sacramentum
536 1350 802 1384 resurrectionis.
857 1350 960 1383 Unde
991 1359 1023 1383 et
1053 1349 1154 1383 nobis
1185 1349 1299 1394 primo

158 1412 325 1457 passionis
351 1422 382 1444 et
405 1411 694 1451 mortificationis,
729 1411 897 1456 postea⁸)
923 1410 1023 1445 etiam
1047 1411 1301 1444 resurrectionis

159 1484 192 1507 et
215 1474 301 1506 vitae
324 1473 482 1506 novitatis
508 1472 645 1516 reliquit
672 1474 875 1517 exemplum.
912 1472 980 1505 Sed
995 1482 1129 1505 moveat
1153 1472 1299 1517 aliquem

158 1536 325 1575 fortassis,
362 1535 456 1579 quod
484 1534 565 1567 dicit
589 1535 791 1578 Apostolus,
822 1533 952 1567 idcirco
978 1544 1154 1568 mortuum
1178 1547 1247 1568 esse
1271 1543 1302 1566 et

257 1675 289 1718 ¹)
315 1674 417 1708 Rom.
443 1675 500 1714 VI,
523 1675 554 1708 4.
651 1673 687 1718 ²)
711 1673 800 1706 Edd.
825 1673 982 1706 Merlini:
1007 1683 1193 1719 reputatur.

252 1726 291 1776 ὃ)
317 1731 410 1764 Editi
442 1731 488 1775 (e.
520 1744 547 1764 c.
582 1730 661 1763 edd.
681 1729 770 1775 MA)
805 1731 894 1771 „sive
924 1731 1016 1763 enim
1047 1730 1208 1764 vivimus“
1240 1738 1301 1764 etc.

159 1781 198 1811 fl.
224 1798 264 1803 —
290 1777 392 1809 Rom.
417 1777 511 1816 XW,
534 1777 567 1810 8.

251 1833 288 1877 4)
317 1833 385 1866 Cfr.
409 1833 512 1866 Rom.
534 1831 592 1871 VI,
617 1830 648 1863 4.
671 1831 702 1865 3.

254 1889 289 1933 5)
314 1888 398 1921 Msc.
435 1889 516 1929 Reg.
548 1901 643 1922 num.
683 1886 780 1922 1639.
818 1887 931 1926 „velut
959 1887 1088 1921 mortui
1124 1886 1297 1920 viventes-‘⁸

161 1935 231 1968 Sed
256 1934 355 1968 ceteri
379 1933 478 1973 Mss,
510 1933 688 1971 Rabanus,
722 1941 755 1964 et
779 1932 859 1965 editi
882 1931 930 1977 (V.
957 1946 983 1965 c.
1009 1933 1088 1966 edd.
1110 1931 1180 1975 M.)
1204 1940 1242 1964 ut
1262 1931 1296 1963 in

159 1990 260 2014 textu.
285 1980 325 2012 R.
350 1998 392 2004 —-
419 1978 490 2012 Cir.
512 1979 615 2011 Rom.
640 1977 697 2017 Vl,
722 1978 775 2011 13.

254 2035 289 2080 ⁶)
315 2035 372 2069 Sic
406 2047 525 2068 omnes
557 2034 637 2067 Mss.
670 2034 789 2067 nostri.
839 2033 931 2067 Editi
963 2046 1043 2067 vero
1080 2033 1127 2079 (e.
1160 2047 1187 2066 c.
1222 2032 1297 2066 edd.

159 2081 238 2126 Μ),
264 2091 295 2114 et
319 2080 496 2113 Rabanus:
529 2080 588 2120 „In
614 2080 680 2111 hoc
707 2078 796 2111 enim
825 2079 976 2112 Christus
1000 2088 1155 2113 mortuus
1180 2087 1242 2119 est,
1266 2085 1297 2110 et

160 2127 361 2161 resurrexit“
383 2135 442 2159 etc.
467 2125 506 2158 R.
534 2145 575 2150 —
602 2123 671 2156 Cfr.
696 2123 797 2157 Rom.
822 2123 916 2165 XIV,
940 2125 970 2159 9.

255 2182 292 2227 ⁷)
317 2183 406 2216 Edd.
430 2180 587 2215 Merlini:
620 2188 657 2212 ut
690 2188 722 2212 et
753 2180 908 2214 vivorum
939 2191 971 2215 et
992 2191 1210 2216 mortuorum
1235 2180 1296 2213 do-

160 2237 317 2262 minetur.

254 2283 292 2330 8)
315 2283 404 2318 Edd.
426 2282 584 2317 Merlini:
609 2292 687 2329 post
712 2283 814 2318 etiam
838 2292 897 2317 etc.
