1377 2454
204 100 251 135 38
475 99 653 134 omem-is
676 110 716 134 m
732 99 795 134 ΕΡ.
821 108 868 133 An
893 99 1072 134 ROMANOS

208 189 338 232 legibus
362 188 449 223 vivit.
499 190 606 234 Quod
635 201 748 224 tamen
774 191 959 236 Apostolus
990 191 1054 224 alia
1078 203 1211 224 rursum
1235 188 1341 232 figura

211 251 303 296 ΜΡ)
337 253 486 286 eundem
516 266 651 286 sensum
686 253 932 297 explanationis
965 252 1113 286 adducit.
1161 251 1344 297 Subiungit

211 314 319 347 enim:
342 328 441 354 „curn
456 315 492 359 ²)
525 314 614 348 enim
642 328 786 349 essemus
810 315 845 348 in
870 328 988 353 carne.
1011 315 1089 348 vitia
1111 323 1342 360 peccatorum,

211 389 299 420 quae
328 390 390 421 per
419 378 526 418 legem
562 387 673 416 erant,
707 378 938 422 operabantur
968 376 1003 409 in
1027 376 1188 409 membris
1210 375 1343 415 nostris,

210 446 248 470 ut
277 439 518 472 fructificarent
553 440 667 472 morti.
723 440 824 471 Nunc
860 448 971 472 autem
1002 437 1103 472 soluti
1135 451 1249 470 sumus
1274 436 1343 481 a3)

211 500 283 540 lege
307 501 445 540 mortui,
470 502 505 534 in
531 515 596 546 qua
622 501 870 540 detinebamur,
894 501 938 533 ita
962 509 999 533 ut
1015 500 1197 533 serviamus
1220 499 1256 531 in
1278 512 1344 531 no-

211 561 311 594 vitate
342 563 493 607 spiritus,
518 573 549 596 et
572 577 643 596 non
674 563 708 596 in
739 572 897 595 vetustate
936 562 1083 596 literae.“
1137 562 1289 606 Apparet
1314 570 1344 594 et

211 623 245 656 in
272 624 332 663 his,
357 634 394 657 ut
417 625 451 657 iu
476 625 711 669 superioribus
724 624 759 668 ⁴²)
795 637 856 668 per
881 625 1071 669 exemplum
1100 622 1276 668 cujusdam
1300 622 1344 655 si-

210 684 411 718 militudinis
436 686 647 731 diximus,⁵)
680 687 823 718 Paulum
850 699 887 718 ex
915 687 982 719 alio
1007 685 1042 718 in
1068 685 1161 719 aliud
1184 685 1346 717 conclave

211 746 348 780 incertis
380 756 412 779 ct
443 749 582 781 occultis
616 749 781 790 gressibus
815 748 952 789 digredi.
1000 747 1090 780 Cum
1116 746 1264 779 enimin
1290 760 1346 779 su-

209 808 403 852 perioribus
429 811 469 842 de
495 811 565 851 lege
590 811 706 843 literae
732 810 937 854 disputasset,
961 811 1056 854 quod
1079 809 1196 853 utique
1219 809 1262 841 ad
1288 821 1345 842 eos

209 870 380 904 videretur
403 881 544 910 tantum,
569 871 627 915 qui
651 885 686 903 cx
713 870 971 904 circumcisione
997 871 1221 909 crediderant,
1241 870 1346 915 perti-

209 945 307 964 nere:
333 947 424 965 nune
448 933 564 966 latenti
590 933 735 976 quadam
756 932 978 967 conversione
999 932 1107 965 carnis
1132 942 1163 965 et
1186 932 1346 965 vitiorum

211 994 346 1027 discutit
369 995 495 1036 legem,
531 995 576 1027 ob
601 995 637 1026 id
660 994 732 1027 sine
757 993 881 1033 dubio,
916 1003 953 1026 ut
987 995 1086 1027 etiam
1123 995 1163 1026 ad
1198 1003 1347 1026 caeteros

213 1056 380 1095 homines,
401 1070 472 1089 non
500 1070 557 1089 eos
581 1057 688 1095 solos,
721 1055 779 1100 qui
812 1069 849 1088 ex
874 1055 1133 1089 circumcisione
1155 1064 1249 1095 sunt,
1279 1064 1348 1087 tra-

213 1127 317 1151 ctatus
340 1119 400 1151 iste
424 1119 595 1163 pertinere
620 1116 829 1160 videaturss)
877 1117 934 1149 Ait
957 1129 1054 1158 ergo:
1078 1130 1177 1156 „cum
1192 1115 1227 1161 ⁷)
1257 1116 1347 1149 enim

213 1193 356 1213 essemus
380 1181 414 1214 in
442 1184 573 1212 carnef‘
620 1179 664 1212 Et
687 1179 836 1223 quidem,
863 1188 1026 1222 quantum
1053 1179 1095 1211 ad
1115 1191 1187 1211 rem
1210 1187 1348 1222 spectat,

212 1242 249 1275 in
275 1256 375 1275 carne
399 1242 516 1286 utique
549 1242 677 1285 positus
709 1241 767 1273 ista
794 1240 942 1273 dicebat:
973 1241 1030 1273 sed
1062 1253 1162 1280 „cum
1186 1239 1221 1272 in
1247 1252 1349 1272 carne

215 1309 390 1344 essemus,“
416 1304 481 1336 hoc
508 1312 565 1341 est,
592 1316 667 1334 cum
685 1304 873 1334 secundum
897 1315 1032 1335 carnem
1051 1302 1247 1340 viveremus,
1270 1300 1347 1334 vitia

213 1376 465 1410 ‚,peccatorum‚
491 1378 577 1408 quae
592 1377 653 1408 per
676 1365 784 1404 legem
803 1373 907 1402 erant,
935 1365 1167 1407 operabantur
1180 1363 1215 1396 in
1239 1376 1348 1395 mem-

212 1427 281 1459 bris
306 1427 459 1459 nostris.“
507 1426 685 1469 Quaenam
712 1425 763 1457 lex
787 1425 847 1457 ista
873 1433 928 1464 cst,
953 1438 1014 1469 per
1038 1438 1141 1469 quam
1165 1424 1242 1457 vitia
1266 1436 1347 1468 pec-

215 1489 279 1522 cati
306 1486 562 1533 operculum-Q)
603 1486 779 1530 Numquid
814 1487 865 1519 lex
888 1487 1010 1526 Mosis,
1045 1486 1143 1519 etiam
1176 1487 1203 1518 si
1227 1499 1348 1518 secun-

215 1552 296 1583 dum
323 1551 455 1583 literam
493 1550 704 1588 observetur,
729 1548 806 1580 vitia
830 1558 964 1589 generat
987 1547 1236 1592 peccatorum?
1278 1547 1347 1580 Sed

212 1613 249 1645 in
275 1621 393 1657 aperto
422 1621 478 1651 est,
502 1612 597 1656 quod
623 1611 716 1643 illam
732 1611 839 1650 legem
853 1609 889 1653 9)
914 1610 1002 1642 dicat
1017 1610 1052 1642 in
1065 1609 1237 1648 membris,
1261 1621 1348 1653 quae

213 1674 334 1706 resistit
356 1673 419 1714 legi
443 1674 572 1713 mentis,
598 1673 639 1705 de
663 1685 730 1718 qua
755 1681 786 1704 et
809 1681 886 1705 ante
909 1672 1141 1711 tractavimus,
1166 1672 1345 1715 quomodo

308 1769 342 1812 ¹)
368 1769 460 1801 Editi
484 1769 637 1814 plerique
669 1770 716 1813 (v.
751 1782 778 1800 c.
804 1769 855 1800 ed.
889 1766 937 1798 Μ.
970 1765 1048 1808 II.):
1081 1767 1145 1807 „ad
1171 1779 1246 1798 eum
1271 1779 1346 1799 sen-

212 1818 317 1848 suxn.“
374 1839 380 1845 .
1096 1816 1106 1821 ‘

308 1869 344 1913 2>
373 1869 471 1902 Rom.
497 1868 570 1906 VH,
594 1870 625 1902 5.
650 1870 680 1903 6.
707 1888 747 1893 —-
772 1868 861 1901 Edd.
885 1865 1043 1899 Merlini:
1070 1880 1148 1900 cum
1172 1876 1293 1901 autem.

305 1925 341 1969 ³)
366 1925 454 1957 Edd.
478 1923 631 1957 Mon-lini:
658 1938 674 1957 a
699 1926 771 1965 lege
794 1924 920 1962 mortis,
944 1924 979 1955 in
1004 1936 1069 1967 qua
1095 1932 1155 1956 etc.

308 1982 345 2026 ²²)
371 1981 439 2014 Csr.
468 1981 519 2013 cd.
545 1980 614 2025 huj.
641 1980 743 2013 Tom.
765 1980 820 2012 VI.
845 1993 876 2024 p.
901 1979 976 2013 32⁵2.
1000 1979 1058 2012 lin.
1083 1980 1113 2014 9.
1137 1992 1227 2024 seqq.

307 2038 343 2083 ⁵)
369 2039 473 2071 Deest
494 2037 680 2076 „diximus“
703 2037 738 2069 in
763 2037 836 2069 edd.
862 2035 910 2068 M.

308 2095 344 2140 fi)
371 2094 457 2127 Edd.
482 2093 634 2125 Men-lini:
659 2093 834 2124 videretur.
932 2091 968 2137 ⁷)
993 2092 1094 2125 Rom.
1117 2091 1193 2131 VII,
1216 2093 1237 2127 5

306 2151 344 2195 8)
369 2151 475 2183 Alias:
500 2149 784 2193 „opeiabantur.“
809 2148 846 2180 R.

307 2207 344 2250 9)
370 2207 451 2239 Msc.
475 2219 572 2244 unus,
597 2213 628 2236 et
655 2204 734 2237 editi
758 2205 804 2247 (e.
831 2218 858 2236 c.
884 2206 960 2238 edd.
985 2205 1070 2250 ΝΙ.);
1101 2205 1229 2245 „legem
1255 2204 1344 2237 dicat

213 2253 463 2290 merubtoium,
488 2262 572 2301 quae
588 2249 725 2282 resistit“
752 2260 828 2282 etc.
821 2276 828 2291 ⁷
852 2250 1027 2284 Rabanus:
1050 2251 1178 2292 „legem
1196 2250 1284 2281 dieat
1307 2249 1342 2281 in

215 2297 376 2331 menibiis
396 2309 541 2342 operari,
558 2308 642 2341 quae
658 2295 804 2329 xcsistaw
823 2305 881 2329 etc.
891 2296 932 2329 R.
944 2316 984 2323 —-
1001 2295 1068 2330 Cfr.
1086 2295 1184 2329 Rom.
1197 2294 1271 2335 Vll,
1285 2295 1342 2329 23.
