1320 2444
150 47 219 82 442
422 45 601 79 Omossms
624 54 662 79 m
685 44 748 78 Ep.
772 53 820 79 AD
846 44 1027 81 RomAnos

148 138 256 181 magis
281 150 383 183 quam
407 136 637 177 hominibus,“
660 136 785 171 relictis
813 138 932 171 ceteris
962 138 1021 172 illa
1050 137 1124 172 sola
1146 147 1294 174 utentur.

149 201 240 234 Nam
266 209 297 233 et
320 212 437 232 revera
461 212 535 232 non
561 208 608 232 est
630 212 756 244 parvae
780 199 1002 240 discretionis,
1024 201 1082 234 sed
1107 201 1296 245 probabilis

151 272 184 296 et
216 260 479 295 exercitatissimi
516 257 651 305 judicii,
692 261 796 302 scire,
837 262 891 296 cui
914 263 1038 303 verbo,
1072 261 1168 296 cuive
1198 262 1296 308 operi

150 324 386 358 obediendum
412 323 462 361 sit,
488 331 520 355 et
544 322 598 355 cui
622 322 848 358 renitendum.
895 324 1056 370 Denique
1079 324 1152 369 ipse
1168 324 1297 357 Domi-

148 401 213 420 nus
236 386 273 419 in
289 385 323 430 ¹)
347 385 532 426 Evangelio
558 385 656 418 dicit:
689 384 921 428 ‚,attendite²)
944 386 1040 419 vobis
1065 387 1108 418 ab
1134 385 1204 426 his,
1236 385 1294 430 qui

148 449 291 482 veniunt
322 449 365 481 ad
394 461 452 480 vos
483 447 517 479 in
553 446 757 479 vestimentis
784 442 919 487 oviqu
954 447 1043 481 intus
1074 456 1187 480 autem
1217 456 1295 480 sunt

148 511 223 556 lupi
246 513 419 555 rapaces.“
465 509 509 542 Et
537 509 617 541 ideo
643 509 781 550 vigilans
804 521 918 542 sensus
943 509 1023 554 et3)
1047 509 1177 542 intenta
1200 521 1295 542 mens

148 572 353 617 requiritur,
391 584 479 616 quae
512 572 663 615 probare
693 570 827 604 noverit
859 572 911 604 vel
944 570 1014 604 ovis
1045 571 1080 604 in
1106 569 1293 615 propatulo

148 635 411 680 simplicitatem,
435 634 487 666 vel
512 631 586 677 lupi
609 633 771 666 latentem
804 632 1033 678 rapacitatem.
1080 632 1184 666 Unde
1208 631 1294 671 vide,

149 711 253 742 quam
279 694 474 741 proximi‘2)
499 694 655 739 periculo
671 693 705 738 ⁵)
731 696 814 728 fiant
838 695 889 734 hi,
922 695 979 740 qui
1012 694 1159 728 exerceri
1182 693 1218 726 in
1245 693 1296 726 di-

147 759 232 792 vinis
256 757 360 791 literis
384 757 568 798 negligunt,
593 769 631 789 ex
657 756 779 800 quibus
802 758 882 790 solis
908 756 1107 802 hujusmodi
1125 755 1295 789 examina-

148 821 249 854 tionis
274 820 490 861 agnoscenda
524 817 683 851 discretio
710 828 767 852 est.
826 819 1002 852 Continuo
1036 831 1115 862 ergo
1140 819 1176 851 in
1200 816 1296 851 brevi

147 882 296 928 speciem
326 881 526 925 propositae
558 880 783 913 distinctionis
815 880 978 920 ostendit,
1011 890 1042 914 et
1074 880 1172 914 dicit:
1205 892 1320 924 quo—.

146 946 239 978 niam
273 943 413 988 quidem
452 941 560 975 facilis
593 950 626 975 et
654 941 835 974 indiscreta
867 950 914 974 est
945 950 1051 975 vestra
1089 940 1296 980 obedientia,

149 1007 304 1052 accipite,
329 1005 412 1050 quid
435 1017 577 1044 servare,
603 1004 685 1048 quid
711 1016 829 1036 cavere
854 1003 1013 1037 debeatis.

238 1070 292 1103 36.
318 1067 493 1111 „Volo‚⁰)
517 1066 644 1111 inquit,
675 1079 733 1099 vos
763 1065 930 1109 sapientes
964 1078 1033 1098 esse
1062 1064 1098 1098 in
1122 1065 1239 1104 bono,
1264 1073 1296 1097 et

147 1131 318 1176 simplices
343 1130 376 1163 in
403 1130 526 1161 malo.“
582 1127 701 1161 Simile
734 1137 781 1160 est
813 1128 881 1160 hoc
905 1126 955 1160 illi
982 1128 1090 1166 dicto,
1123 1127 1218 1171 quod
1250 1126 1294 1158 ad

149 1193 348 1227 Corinthios
371 1190 556 1234 sc1·ibit‚⁷)
582 1191 713 1223 dicens:
739 1189 886 1229 „malitia
900 1189 936 1233 ⁸)
961 1190 1093 1233 parvuli
1118 1197 1233 1228 estote,
1256 1196 1294 1220 ut

146 1255 300 1291 sensibus
321 1253 465 1299 perfecti
488 1252 587 1286 sitis.“
635 1252 705 1286 Sed
731 1261 762 1284 et
785 1251 890 1290 illud,
916 1252 1009 1296 quod
1036 1250 1208 1283 Dominus
1233 1249 1293 1282 ait:

145 1318 299 1363 „quia⁹)
330 1316 390 1349 filii
420 1315 546 1348 saeculi
578 1313 678 1359 hujus
710 1315 952 1359 prudentiores
983 1322 1062 1346 sunt
1099 1325 1202 1356 quam
1232 1310 1293 1344 filii

145 1381 231 1413 lucis
255 1380 291 1412 in
316 1377 535 1420 generatione
557 1381 656 1410 sua:“
680 1376 760 1408 huic
785 1375 943 1409 convenit
957 1375 1059 1408 dicto.
1095 1373 1176 1406 Filii
1200 1372 1292 1405 enim

147 1441 272 1476 saeculi
297 1439 396 1485 hujus
429 1438 669 1483 prudentiores
692 1447 771 1471 sunt
794 1437 829 1470 in
854 1436 1001 1475 malitia,
1025 1449 1091 1480 pro
1117 1448 1170 1475 eo,
1195 1435 1292 1479 quod

146 1517 280 1548 semper
312 1501 441 1546 aliquid
471 1501 680 1543 profundius
719 1509 751 1532 et
783 1498 938 1532 subtilius
970 1497 1145 1531 inveniant
1174 1496 1211 1530 iu
1244 1509 1292 1536 ea,

146 1568 240 1599 unde
271 1566 347 1610 plus
376 1572 543 1602 noceant,
583 1573 614 1595 et
644 1562 875 1595 vehementius
915 1561 1062 1594 laedant.
1118 1559 1157 1592 In
1193 1560 1289 1592 bono

244 1719 279 1763 ¹)
303 1718 393 1751 Edd.
418 1716 577 1749 Men-lini:
602 1716 638 1749 in
661 1714 854 1756 Evangeliis
879 1713 970 1747 dicit.

239 1775 277 1819 ²)
302 1774 426 1808 Matth.
451 1773 524 1811 Vll,
550 1774 601 1805 15.
629 1792 670 1797 -—
696 1771 785 1804 Edd.
809 1769 965 1803 Merlini:
992 1771 1035 1803 ab
1060 1769 1109 1809 iis,
1133 1768 1191 1814 qui
1217 1777 1276 1802 etc.

241 1832 278 1875 3)
303 1831 391 1863 Edd.
415 1828 574 1862 Mei-lini:
600 1838 631 1860 et
656 1842 751 1861 mens
774 1829 903 1860 intenta
929 1836 988 1861 etc.

241 1887 277 1931 ⁴)
302 1887 366 1919 Ed.
391 1886 441 1920 M.
466 1886 514 1918 II:
539 1884 740 1929 propinqui.

243 1945 278 1988 ⁵)
304 1943 394 1975 Alias
419 1942 466 1986 (v.
493 1956 519 1974 c.
545 1942 578 1974 in
605 1941 681 1975 edd.
699 1940 787 1983 M.:)
812 1939 1032 1984 ‚,periculis;“
1054 1937 1153 1972 alias:
1176 1936 1287 1982 „peri—

149 1992 251 2033 culi;“
275 1989 334 2022 sed
359 1988 444 2021 Mse.
469 1988 547 2028 Reg.
572 2000 667 2019 num.
693 1986 790 2020 1639.
815 1985 1025 2030 „periculo.“

240 2046 278 2090 fi)
304 2045 405 2078 Rom.
430 2043 524 2082 XVI,
548 2044 601 2076 20.

243 2104 278 2148 ⁷)
303 2102 394 2135 Edd.
419 2098 576 2133 Merlini:
603 2098 717 2131 dicens
742 2097 867 2131 scribit.

242 2160 279 2203 8)
306 2157 378 2191 Cfr.
404 2157 418 2188 l
443 2155 523 2189 Cor.
548 2155 641 2195 XIV,
663 2156 716 2189 20.

241 2215 278 2257 ⁹)
303 2215 382 2246 Luc.
406 2213 498 2253 XVI,
525 2212 555 2245 8.
581 2233 620 2237 -
648 2211 734 2243 Edd.
760 2209 915 2243 Merlini:
949 2207 1186 2254 prudentiores
1209 2204 1284 2239 filiis

147 2263 218 2307 (td.
245 2261 291 2294 M.
318 2260 340 2291 l.
368 2259 473 2292 male:
500 2257 578 2302 filii)
604 2257 686 2291 luris
711 2256 746 2289 in
771 2255 986 2297 generatione
1010 2267 1069 2290 sua
1093 2261 1178 2287 sunt.
