1320 2444
159 100 227 136 326
429 98 607 133 Ome-‚ems
630 109 667 133 m
690 98 752 141 En.
776 108 823 133 ΑΙ)
850 99 1029 134 ΒοΜΑΝοε

161 204 257 231 num,
281 200 311 224 et
338 203 440 224 omne
473 192 602 224 donum
628 191 837 235 perfectum,
869 191 1044 225 desursum
1083 201 1129 225 est
1165 192 1305 225 descen-

162 254 244 286 dens
269 266 286 285 a
312 252 411 285 Patre
436 253 646 286 luminum:“
670 262 707 286 ut
729 252 810 298 „qui
826 252 861 297 ¹)
892 253 1065 295 gloriatur,
1088 253 1123 287 in
1147 254 1305 288 Domino

162 315 361 357 glorietur.“

250 376 305 410 25.
329 375 516 410 Videamus
528 375 565 419 2)
590 387 669 417 ergo
694 389 799 416 nunc,
822 375 905 421 quid
931 375 1078 410 etiamin
1095 390 1306 422 consequen-

162 436 251 470 tibus
282 436 443 483 adjungat
473 438 677 481 Apostolus:
716 437 850 478 „omnis
863 438 899 483 3)
940 438 1055 472 anima
1085 439 1308 484 potestatibus

161 498 419 533 sublimioribus
442 487 673 545 subjaceatf‘*
693 499 838 533 Videtur
852 500 936 534 mihi
958 499 994 533 in
1020 499 1087 532 hoc
1112 500 1210 533 va'lde
1233 500 1307 533 lau-

163 560 321 594 dabiliter
343 561 492 594 animam
515 561 727 600 nominasse,
761 575 862 606 quarn
886 560 1064 608 subjacere
1087 561 1309 606 potestatibus

161 620 266 666 jubet.
312 622 498 668 Nunquam
531 622 619 656 enim
654 622 804 656 dixisset:
836 622 946 656 omnis
978 623 1114 668 spiritus
1136 621 1309 669 subjaceat

162 685 340 728 potestati3
360 686 438 718 sed:
463 685 595 725 „omnis
619 684 764 717 anima.“
811 684 866 717 De
899 698 965 730 qua
992 684 1184 718 differentia
1207 697 1309 729 saepe

162 743 232 791 jam
259 745 418 786 diximus,
460 747 555 791 quod
580 746 752 779 interdum
777 759 840 790 per
865 747 1026 786 an'imam,
1050 746 1221 780 interdum
1245 759 1309 791 per

163 820 320 847 carnem,
352 808 524 841 interdum
549 821 612 853 per
634 808 808 853 spiritum,
840 808 947 841 homo
982 808 1191 842 nominatur.
1238 808 1309 841 Sed

164 881 242 901 cum
268 882 285 901 n
309 878 406 914 parte
430 870 572 903 meliore
596 870 827 904 nominandus
853 880 916 909 est,
948 870 1044 914 quasi
1069 870 1126 914 qui
1149 870 1309 915 spiritua-

162 928 202 963 lis
225 928 366 971 intelligi
391 931 528 971 debeat,
561 931 697 976 spiritus
723 931 861 964 dicitur:
894 933 1034 976 quando
1067 932 1109 964 :ab
1133 931 1307 971 inferiore,

163 991 292 1024 anima:
318 1005 394 1024 cum
423 1005 502 1025 vero
528 1006 545 1025 a
571 992 740 1025 deteriore
766 993 975 1032 nominatur,
999 1006 1079 1026 caro
1105 993 1247 1026 dicitur:
1274 1002 1306 1026 et

163 1052 289 1085 horum
314 1054 506 1088 testimonia
532 1055 574 1087 de
600 1053 784 1098 Scripturis
821 1067 922 1100 saepe
946 1053 1160 1099 protulimus.
1206 1054 1308 1086 Nunc

165 1127 263 1155 ergo,
306 1116 471 1160 quoniam
509 1125 690 1161 praecepta
734 1117 951 1150 credentibus
982 1116 1083 1161 ponit
1111 1116 1308 1160 Apostolus,

162 1177 234 1209 vult
246 1175 282 1222 4)
305 1191 370 1211 nos
395 1178 560 1223 quietem,
594 1187 759 1223 qunntum
782 1178 817 1211 in
843 1179 943 1211 nobis
969 1186 1026 1218 est,
1052 1176 1235 1222 praesentis
1258 1177 1308 1209 vi-

162 1247 215 1271 tae
238 1252 430 1284 pacemque
451 1253 592 1274 servare.
628 1240 672 1272 Et
689 1240 716 1273 si
733 1239 872 1285 quidem
895 1240 977 1272 tales
990 1253 1115 1278 sumus,
1139 1239 1197 1284 qui
1222 1252 1307 1272 con-

162 1299 271 1346 juncti
295 1302 454 1335 Domino
478 1302 614 1346 unus⁵)
646 1315 723 1335 cum
759 1315 800 1334 eo
824 1301 962 1346 spiritus
985 1302 1106 1340 simus,
1149 1300 1306 1333 Domino

164 1362 311 1395 dicimur
343 1377 410 1397 esse
442 1363 594 1410 subjecti.
643 1363 679 1396 Si
704 1376 783 1395 vero
808 1364 964 1396 nondum
989 1363 1071 1396 tales
1097 1375 1225 1402 sumus,
1246 1362 1307 1395 sed

163 1425 355 1459 communis
379 1425 491 1458 adhuc
516 1424 628 1458 anima
656 1434 703 1457 cst
726 1424 761 1457 in
785 1425 897 1464 nobis,
921 1437 1007 1469 quae
1031 1424 1154 1457 habeat
1177 1423 1306 1468 aliquid

164 1484 265 1529 hujus
288 1487 429 1526 mundi,
458 1500 545 1532 quae
575 1487 616 1519 sit
641 1486 720 1530 εἶθ)
753 1486 867 1531 aliquo
894 1487 1025 1528 alligata
1052 1484 1202 1526 negotio,
1226 1484 1306 1517 huic

162 1557 344 1593 praecepta
367 1549 554 1593 Apostolus
576 1548 695 1595 ponit,
719 1557 750 1581 et
773 1548 874 1588 dicit,
899 1557 937 1581 ut
969 1545 1121 1593 subjecta
1143 1546 1185 1580 sit
1208 1554 1306 1591 pote-

341 1642 437 1654 ———0

261 1719 295 1763 ¹)
323 1719 336 1752 I
363 1719 443 1754 Cor.
468 1722 493 1762 I,
519 1722 572 1756 31.
1126 1764 1129 1765 ⁷

256 1776 293 1821 ²)
317 1776 411 1810 Editi
435 1778 482 1824 (ν.
509 1792 536 1811 c.
562 1779 637 1811 edd.
662 1777 750 1822 M.):
774 1775 980 1817 „Videamus
1005 1786 1084 1827 ergo
1101 1788 1195 1809 nunc
1221 1775 1304 1821 quid

163 1821 199 1854 in
225 1825 512 1866 consequentibus
539 1824 628 1857 dicat
644 1823 838 1866 Apostolus.
870 1819 993 1853 Omnis
1017 1833 1130 1854 amma
1157 1840 1200 1847 ·—·
1223 1822 1304 1854 sub-

164 1866 358 1899 limioribus
395 1869 530 1901 subdita
563 1868 613 1902 sit.
666 1868 810 1901 Videtur
847 1865 931 1899 mihi
956 1865 991 1898 in
1018 1865 1086 1898 hoc
1110 1866 1207 1899 valde
1231 1867 1304 1899 lau-

164 1911 345 1944 dabiliter“
369 1922 429 1945 ete.
476 1914 547 1947 Sed
572 1926 690 1946 omnes
715 1913 795 1945 Mss.
819 1911 938 1949 nostri,
962 1920 993 1942 et
1015 1909 1190 1951 Rabanns,
1209 1920 1245 1944 ut
1267 1910 1320 1943 in⁴

163 1965 265 1995 textu.
288 1957 352 1990 nisi
378 1959 471 2002 quod
496 1959 663 1991 habeant:
686 1957 851 1998 „Videtur
874 1955 957 1988 mihi
974 1955 1091 1988 inlioc
1112 1969 1184 1988 non
1207 1956 1303 1988 valde

162 2002 400 2035 laudabiliter“
423 2012 495 2042 etc„
517 2005 576 2038 sed
601 2017 664 2036 vox
688 2006 803 2043 ‚,nou“
826 2002 1021 2034 redundare
1043 2001 1184 2034 videtur.
1210 2001 1250 2034 R.

256 2058 294 2102 ³)
319 2058 419 2091 Rom.
443 2059 538 2099 XIII,
563 2061 591 2093 1.
687 2058 723 2103 ⁴)
748 2058 837 2091 Edd.
863 2057 1020 2090 'Mer-lini:
1046 2066 1076 2089 et
1102 2058 1173 2090 vult
1197 2066 1257 2090 etc.

259 2115 295 2158 ⁵)
317 2114 387 2148 Csr.
413 2115 427 2147 Ῑ
454 2115 535 2150 Cor.
561 2116 617 2154 VI,
643 2116 694 2149 17.

255 2171 292 2215 ⁶)
319 2171 410 2204 Editi
438 2176 485 2216 (v.
514 2186 540 2204 c.
571 2172 649 2207 edd.
672 2171 757 2216 Μ.);
788 2170 843 2210 „in
879 2169 1047 2214 aliquibus
1080 2168 1209 2209 alligata
1241 2179 1299 2198 ne-

162 2215 288 2257 gotiis.“
313 2216 449 2250 Rectius
480 2217 563 2250 Msc.
596 2216 676 2258 Ileg.
709 2230 803 2249 num.
832 2215 931 2250 1639.
956 2215 1007 2254 „ei
1031 2213 1144 2258 aliquo
1170 2211 1299 2253 altigata

161 2261 345 2340 ηεςρῑίοέἰῖ
378 2262 489 2297 Ceteri
513 2262 592 2297 Mss.
618 2272 650 2296 et
675 2261 851 2296 Rabanus:
877 2261 933 2302 „iu
949 2260 1063 2304 aliquo
1085 2257 1215 2299 alligata
1240 2268 1298 2290 nc-

161 2311 291 2347 gotus.“
352 2337 356 2339 ,
