1320 2444
146 63 215 98 400
416 63 596 96 Omenms
626 73 663 96 m
687 63 750 96 ΕΡ.
775 71 823 96 An
849 63 1030 98 Rommos

115 171 117 174 ·
144 154 277 187 liendas
307 151 551 197 promissiones
581 161 736 197 patrum:
779 151 953 198 Gentes¹)
985 163 1095 188 autem
1127 167 1192 200 pro
1223 155 1288 189 mi-

143 215 332 250 sericordia
362 214 537 247 honorare
561 214 691 254 Deum,
723 214 810 247 sicut
839 215 1002 259 scripturn
1034 221 1117 250 est;“
1147 232 1286 263 ,mpro-

146 288 262 323 pterea
276 276 313 320 ²)
345 276 539 310 confitebor
573 275 634 309 tibi
667 277 701 309 in
729 275 916 316 Gentibus,
948 286 978 310 et
1002 277 1035 310 in
1061 279 1203 312 nomine
1226 290 1285 314 tuo

149 341 359 373 cantabo.““
390 338 455 379 „Et
477 337 600 370 iterum
627 338 746 371 dicit:“
770 338 1041 382 ,‚„lnetamini3)
1058 339 1184 374 Gentes
1209 356 1287 376 cum

145 402 282 446 populo
315 399 454 445 ejus.““
499 399 570 438 „Et
609 399 781 431 iterum:“
813 400 1059 446 ‚‚,‚laudate⁴)
1092 402 1287 437 Dominum

147 477 266 496 omnes
291 461 427 501 Gentes,
451 470 482 493 et
505 461 717 502 magnificate
742 474 817 493 eum
845 475 962 494 omncs
986 463 1171 507 populi.““
1220 465 1286 504 „Et

145 525 261 558 Esaias
279 537 413 557 rursum
433 522 528 555 dicit:
554 523 659 564 erit-5)
685 522 779 554 radix
802 522 904 562 Jcsse‚
930 532 961 554 et
986 524 1042 567 qui
1061 535 1210 567 exsurget
1233 540 1286 559 re-

145 600 223 628 gere
251 586 387 624 Gentes,
423 585 457 617 in
483 597 523 617 eo
551 584 676 617 Gentes
700 585 919 628 sperabunt.“
967 585 1158 627 Quomodo
1186 587 1286 621 Chri-

144 658 212 682 stus
237 647 389 680 minister
412 646 514 679 suerit
538 646 803 679 circumcisionis
835 647 877 679 ad
890 645 926 689 ⁶)
959 646 1176 682 stabiliendas
1201 663 1284 693 pro-

141 710 319 744 missiones
346 718 493 753 patrum‚
521 708 648 751 duplici
672 709 778 740 modo
804 708 945 749 intelligi
969 718 1090 754 potest.
1127 709 1203 741 Sive
1217 723 1281 754 pro

144 786 196 812 eo,
221 772 315 816 quod
342 769 635 803 circumcisionem
660 769 695 801 in
713 783 814 802 carne
836 784 896 803 sua
920 771 991 814 ipse
1008 771 1043 815 ⁷)
1069 771 1224 815 suscepit,
1248 780 1284 804 ut

140 832 410 868 manifestissime
440 840 657 869 nosceretur,
690 832 784 875 quod
810 844 848 863 ex
878 832 1006 865 semine
1029 833 1204 865 Abraham
1227 845 1285 865 ve·-

141 896 250 935 niens,
275 893 328 927 cui
351 893 556 938 promiserat
579 893 684 931 Deus,
709 893 852 936 quod3)
875 893 911 926 in
934 894 1062 927 semine
1092 907 1154 927 suo
1178 895 1284 927 hene—

142 958 339 991 dicerentur
363 967 481 987 omnes
506 963 636 995 gentes,
669 956 857 999 compleret
886 955 921 988 in
945 965 1051 988 semet
1073 956 1165 1000 ipso,
1195 969 1283 1000 quae

140 1019 299 1052 Patribus
331 1019 465 1049 fuerant
495 1016 718 1060 repromissa:
753 1026 783 1050 et
814 1026 852 1050 ut
879 1030 941 1061 per
970 1017 1056 1057 hoc,
1092 1019 1283 1051 secundum

139 1079 358 1127 propositum
384 1078 485 1111 totius
522 1076 684 1121 epistolae
710 1079 878 1119 ordinem,
903 1092 972 1123 quo
998 1092 1089 1112 nunc
1115 1092 1187 1119 eos,
1222 1079 1281 1124 qui

143 1157 180 1176 ex
211 1139 470 1174 circumcisione
505 1140 739 1179 crediderant,
778 1154 870 1173 nunc
907 1141 1007 1173 etiam
1039 1154 1113 1182 eos,
1149 1141 1207 1186 qui
1242 1155 1281 1174 ex

142 1204 310 1237 Gentibus
342 1202 519 1234 adversum
549 1214 584 1232 se
616 1199 760 1234 invicem
793 1202 1026 1246 superbientes
1050 1203 1202 1248 erant,⁹)
1226 1217 1280 1236 re-

139 1267 251 1300 frenat
281 1277 319 1296 ac
351 1262 522 1306 reprimit,
556 1263 694 1295 doceret
724 1276 795 1296 non
822 1276 890 1297 esse
920 1264 1055 1308 penitus
1076 1263 1279 1310 judicandos

141 1341 209 1367 eos,
234 1325 291 1370 qui
314 1325 349 1357 in
374 1323 452 1365 legis
479 1323 770 1358 observationibus
795 1327 1036 1359 demorantur:
1062 1326 1281 1371 quandoqui—

140 1391 218 1422 dem
246 1387 345 1420 etiam
361 1385 418 1429 ¹⁰)
444 1385 595 1418 Christus
619 1385 656 1418 in
681 1400 783 1420 carne
806 1401 866 1421 sua
884 1387 1153 1421 circumcisionis
1177 1389 1278 1422 mini—

236 1493 269 1536 ¹)
293 1490 543 1524 Desiderantur
565 1491 686 1524 verba:
718 1490 866 1530 „Gentes
899 1501 1011 1526 autem
1043 1507 1107 1538 pro
1136 1514 1181 1520 ·—-
1211 1507 1278 1538 po-

137 1541 221 1587 puli.
267 1539 310 1570 Et
334 1536 448 1569 Esaias
473 1549 605 1567 rursum
634 1536 731 1568 dicit:
764 1537 826 1569 erit
857 1537 950 1570 radix
975 1559 1018 1563 —
1043 1551 1157 1579 regere
1183 1538 1277 1572 Gen-

137 1597 197 1625 tes,
221 1585 253 1617 in
282 1596 321 1615 eo
350 1582 474 1613 Gentes
499 1582 715 1624 sperabunt,“
746 1582 781 1614 in
814 1591 911 1615 antea
944 1583 1041 1616 editis
1065 1585 1113 1627 (v.
1140 1598 1166 1616 c.
1199 1587 1276 1617 edd.

135 1632 227 1674 M),
258 1638 288 1661 et
320 1625 540 1659 restituuntur
573 1639 609 1658 ex
642 1627 738 1667 Mss.,
771 1639 920 1670 quorum
951 1642 1039 1662 unus
1070 1629 1189 1663 habet:
1219 1631 1276 1670 „in

138 1690 217 1710 eum
244 1674 369 1707 Gentes
393 1672 610 1715 sperabunt.“
633 1670 674 1704 R.

229 1731 266 1773 ²)
291 1729 415 1762 Psalm.
439 1726 565 1766 XVIII,
589 1727 642 1760 49.
667 1727 815 1772 (XVII.)
841 1728 918 1760 coll.
942 1728 1042 1762 Rom.
1067 1729 1144 1770 XV,
1168 1730 1198 1764 9.

228 1787 265 1830 ³)
291 1786 392 1818 Deut.
415 1782 563 1825 XXXII,
587 1783 639 1817 43.
666 1785 743 1816 coll.
770 1783 869 1815 Rom.
893 1784 970 1823 XV,
995 1786 1047 1819 10.

228 1842 264 1886 ⁴)
290 1841 412 1873 Psalm.
439 1838 579 1878 CXVII,
605 1841 633 1872 1.
659 1839 822 1884 (CXVI.)
848 1841 923 1872 coll.
951 1840 1050 1875 Rom.
1074 1841 1152 1883 XV,
1177 1843 1228 1878 11.

227 1900 261 1942 ⁵)
288 1896 389 1930 Jesai.
414 1894 474 1934 Xl,
498 1895 550 1928 10.
576 1895 653 1928 ςοΙΙ.
679 1896 781 1928 Rom.
806 1895 883 1935 XV,
908 1898 960 1932 12.

229 1954 265 1998 ὃ)
292 1953 379 1985 Edd.
414 1951 462 1984 M.
497 1961 529 1984 et
560 1951 599 1983 R.
625 1952 691 1984 hoc
717 1953 816 1990 loco,
842 1952 902 1985 cfr.
926 1965 1001 1997 pag.
1024 1953 1101 1988 399.
1126 1963 1197 1988 not.
1222 1955 1273 1990 11.

135 2003 200 2043 „ad
224 1998 441 2034 stabiliendas
465 1997 728 2041 promissiones“
754 2006 814 2030 etc.

229 2058 263 2101 ⁷)
288 2055 376 2088 Edd.
401 2052 557 2085 Merlini:
575 2053 722 2096 suscepit
744 2053 826 2097 ipse.

226 2112 264 2155 8)
287 2109 382 2142 Editi
405 2108 451 2152 (v.
477 2122 503 2142 c.
535 2110 609 2141 edd.
637 2108 724 2152 M.):
749 2107 850 2153 „quia
875 2106 910 2140 in
931 2107 1061 2142 semine
1083 2119 1143 2144 tuo
1169 2111 1270 2144 bene-

134 2158 312 2192 dicentur“
338 2164 398 2187 etc.
422 2154 462 2186 R.
487 2173 530 2179 —-
557 2154 627 2186 Cfr.
653 2153 774 2187 Genes.
800 2153 916 2194 XXII,
941 2154 993 2189 18.

226 2211 263 2255 ⁹)
288 2211 392 2243 Deest
416 2215 552 2250 ‚,erant“
576 2211 610 2243 in
637 2210 713 2243 edd.
738 2209 787 2243 M.

205 2268 263 2310 ¹⁰)
287 2268 375 2300 Edd.
401 2266 561 2300 Merlini:
587 2265 737 2301 Christus
762 2265 871 2301 etiam.
