1377 2454
310 102 661 137 COMMENTARIORUM
685 100 756 133 Lm.
783 100 857 133 VII.
1084 101 1150 136 185

105 162 128 169 ὴ

22 197 123 232 totius
159 192 307 240 mysterii
355 205 486 226 summa
527 189 692 236 paucis¹)
740 202 891 223 connexa
937 191 1149 223 sermonibus

24 257 224 292 continetur.

107 316 219 360 „Et²)
242 316 328 350 sieut
351 315 526 360 praedixit,
548 313 717 357 inquit,³)
742 313 874 346 Esaias:
899 313 963 346 nisi
980 313 1150 346 Dominus

23 378 172 413 Sabaoth
195 378 382 422 reliquisset
403 377 503 410 nobis
527 389 651 414 semen,
675 375 760 408 sicut
785 375 939 408 Sodoma
964 375 1042 407 facti
1067 387 1150 408 esse«

21 454 105 479 mus,
130 448 161 472 et
183 439 268 472 sicut
293 439 489 472 Gomorrha
513 437 635 471 similes
660 436 864 469 fuissemus.“
907 436 1014 479 Quod
1039 450 1152 469 semen

20 501 134 535 Esaias
159 513 175 532 a
191 500 346 533 Domino
375 499 456 533 dicit
475 497 695 532 derelictum?
718 498 807 531 Illud
826 497 897 531 sine
916 497 1032 536 dubio,
1059 500 1152 541 quod

21 563 117 596 idem.
136 563 319 607 Apostolus
344 562 481 606 exponit
512 561 547 593 in
582 560 670 599 aliis,
703 573 781 591 cum
807 559 888 592 dicit
911 561 953 591 ab
981 560 1153 592 Abraham

26 624 153 657 dictum
187 636 271 657 esse:
302 622 434 667 ‚,tibi⁴)
471 623 560 656 dabo
593 631 717 654 terram
748 622 854 661 hanc,
890 631 920 654 et
943 621 1062 653 semini
1086 631 1154 654 luo.

21 686 101 718 Non
134 685 229 718 dixit:
261 694 292 717 et
323 684 527 718 seminibus:
569 684 663 728 quasi
698 683 733 716 in
771 684 901 722 multis;
934 684 1010 716 sed:
1035 682 1155 715 semini

24 756 101 780 tuo:
125 756 287 791 tanquam
312 747 348 779 in
373 759 455 784 uno,
481 744 586 789 qui5)
612 755 659 778 est
675 743 855 778 Christus.“
892 746 970 777 Hoc
996 754 1041 777 est
1067 758 1157 786 ergo,

24 809 116 852 qued
143 808 223 854 dicit
246 807 376 841 Esaias:
413 807 544 850 „nisi⁵)
578 807 750 840 Dominus
773 806 960 850 reliquisset
984 807 1082 839 nobis
1105 821 1156 840 sc-

22 873 134 908 men,“
162 869 198 902 id
232 879 294 909 est,
319 868 381 902 nisi
406 868 550 901 dedisset
573 868 672 901 nobis
698 867 887 908 Christum,
917 878 954 902 ut
985 882 1022 901 ex
1057 869 1158 902 nobis

22 940 224 971 nasceretur,
247 931 332 964 sieut
356 931 533 971 „Sodoma
558 930 763 968 fuissemus,“
789 939 953 974 quantum
978 932 1020 963 ad
1038 930 1158 974 impie-

23 991 99 1024 tatis
123 992 391 1032 magnitudinem
415 1000 560 1036 spectat:
584 991 648 1024 nisi
671 992 749 1035 quia
775 1002 805 1024 et
829 991 1006 1036 gravius⁷>
1032 991 1160 1035 aliquid

29 1054 121 1096 apud
147 1052 310 1086 israelitas
343 1062 468 1094 gestum
503 1063 557 1085 est.
604 1056 693 1087 Nam
718 1054 919 1087 sodomitae
952 1054 987 1086 in
1012 1054 1160 1097 hospites

28 1113 144 1146 incesti
170 1114 411 1157 reseruntur8)
444 1124 475 1146 et
498 1114 680 1158 impudici:
712 1116 862 1158 populus
895 1129 973 1148 vero
999 1116 1100 1148 Israel
1125 1115 1160 1148 Iu

35 1187 113 1207 eum
138 1175 314 1216 sacrilegus
340 1176 473 1215 exstitit,
509 1176 583 1219 qui,
609 1189 686 1208 cum
710 1176 881 1209 Dominus
906 1175 1084 1222 majestatis
1110 1178 1161 1217 sit,

28 1238 131 1269 frater
145 1236 180 1278 9)
206 1249 325 1269 eorum
359 1246 390 1269 et
423 1237 488 1269 dici
523 1237 631 1269 voluit
660 1247 691 1269 et
716 1251 791 1270 esse.
846 1238 917 1270 Nisi
943 1252 1020 1280 ergo
1046 1253 1161 1273 semen

28 1297 117 1330 istud
143 1297 313 1330 Dominus
339 1297 544 1342 reliquisset,
560 1298 615 1341 ¹⁰)
648 1312 710 1343 per
742 1301 834 1343 quod
867 1299 1029 1344 reIIquiae
1051 1302 1163 1334 salvae

28 1359 158 1397 fierent,
183 1367 214 1390 et
238 1372 313 1391 vasa
340 1359 592 1392 misericordiae
612 1361 838 1400 salvarentur,
861 1361 1024 1393 interisset
1047 1376 1161 1406 popu-

29 1420 81 1453 lus
112 1420 169 1452 ille
199 1429 236 1452 ut
270 1420 434 1453 Sodoma.
491 1421 534 1453 Et
565 1431 677 1454 tamen
711 1435 784 1454 non
816 1422 923 1455 otiose
946 1423 1060 1456 Esaias
1085 1438 1163 1470 „se—

31 1485 132 1514 men“
148 1481 156 1499 ¹
171 1479 203 1525 ¹)
220 1481 418 1521 nominavit,
442 1484 535 1526 quod
550 1484 705 1517 relietum
726 1493 789 1517 est:
815 1498 927 1517 semen
949 1498 1096 1531 namque
1113 1486 1163 1519 di-

35 1582 128 1589 ,—

126 1643 160 1687 1)
185 1642 277 1675 Editi
299 1643 345 1687 (v.
367 1657 392 1676 c.
416 1644 491 1676 edd.
506 1644 588 1687 M.):
614 1647 750 1689 „paucis
766 1659 847 1679 nexa
863 1647 1107 1681 sermonibus.“
1126 1649 1163 1680 fl.

124 1699 160 1743 2)
186 1700 285 1732 Rom.
312 1699 371 1738 IX,
395 1700 447 1733 ‘29-
473 1701 548 1732 coll.
574 1701 672 1733 Jcsai.
698 1702 722 1740 l,
747 1702 776 1735 9,

123 1756 160 1800 ³)
186 1756 289 1788 Deest
312 1755 463 1799 „inquist‘
487 1756 522 1788 in
549 1757 624 1789 edd.
649 1757 697 1789 M.

125 1811 162 1852 ¹²)
189 1812 262 1845 Gal.
288 1812 346 1851 III,
371 1813 423 1846 16.
454 1813 530 1846 coll.
557 1812 677 1846 Genes.
703 1814 799 1853 XHL
826 1816 875 1849 15.

127 1869 162 1913 ⁵)
186 1868 277 1901 Editi
310 1867 356 1912 (v.
391 1881 416 1899 c.
441 1870 517 1901 edd.
542 1869 628 1911 M.):
660 1872 775 1914 „quod
809 1881 855 1905 est
880 1871 1038 1907 Christus.
1089 1875 1167 1908 Non

36 1927 114 1956 ergo
141 1923 187 1946 est
213 1914 314 1951 aliud,
339 1913 454 1956 quod“
482 1923 540 1948 etc.
567 1915 607 1946 R.

129 1970 164 2013 ⁶)
190 1969 285 2002 Jcsai.
310 1969 335 2007 Ῑ,
360 1969 389 2002 9.
417 1970 493 2002 coll.
520 1971 618 2003 Rom.
643 1970 702 2010 IX,
726 1971 778 2005 29.

129 2027 164 2069 ⁷)
189 2026 276 2058 Edd.
300 2025 454 2058 Merlini:
479 2026 708 2066 gravissimum
736 2028 872 2072 aliquid.

92 2092 98 2100 ¹
129 2081 166 2125 ὃ)
194 2082 298 2114 Alias:
323 2083 511 2122 ‚‚suerunt.“
535 2082 574 2115 R.
600 2106 643 2112 --
668 2085 737 2118 Cfr.
764 2084 882 2119 Genes.
907 2087 1001 2127 XIX,
1025 2090 1057 2122 5.

131 2138 166 2181 ⁹)
192 2137 281 2170 Editi
305 2138 351 2181 (v.
379 2152 405 2171 e.
427 2139 503 2170 edd.
528 2138 613 2182 Μ.>;
638 2150 756 2184 „pater
781 2148 932 2175 eorum.“
957 2143 996 2174 Il.

109 2194 164 2235 ¹⁰)
191 2193 292 2225 Rom.
316 2193 384 2232 IX,
415 2194 466 2228 29.
492 2195 567 2229 coll.
592 2196 691 2230 Jcsai.
718 2196 749 2236 Ι,
774 2198 822 2238 9.,
850 2208 880 2231 et
906 2199 1004 2232 Rom.
1031 2200 1089 2242 IX,
1113 2204 1167 2238 2?

41 2241 116 2274 coll.
141 2239 239 2272 Jcsai.
265 2239 307 2278 X,
330 2238 383 2271 22.

113 2294 169 2339 ¹¹)
191 2295 290 2329 Jesai.
317 2294 341 2335 Ι,
364 2294 394 2329 9.
422 2295 498 2329 coll.
525 2294 621 2330 Rom.
648 2296 706 2337 IX,
730 2298 783 2332 29.
