1377 2454
339 71 690 106 COMMENTARIORUM
712 69 786 102 Lm.
811 68 885 102 VII.
1107 69 1173 106 113

40 162 232 198 infirmitate
264 161 300 195 in
324 159 530 206 virtutem¹)
563 159 766 198 restituitur,
798 167 832 191 et
863 170 902 190 ex
931 156 1069 192 animali
1093 172 1168 192 cor·-

39 239 124 271 pore
148 237 271 269 corpus
296 224 441 257 efficitur
464 222 653 267 spirituale,
684 230 723 254 ut
745 234 823 254 cum
847 219 1020 264 spirituale
1043 220 1169 253 sactum

38 286 148 326 fuerit,
171 285 276 330 possit
301 285 401 318 ctiam
425 283 647 317 invisibilibus
671 282 801 326 perfrui
825 281 941 314 bonis:
968 294 1054 326 quae
1077 282 1170 316 bona

37 349 73 382 in
95 347 262 392 praesenti
286 346 420 379 saeculo
454 358 524 377 non
547 344 759 389 videntes,²)
783 357 845 389 per
868 355 962 387 spem
985 356 1169 387 speramus,

38 417 71 441 et
93 422 155 453 per
176 408 370 453 patientiam
396 415 631 450 exspectamus.

125 470 156 505 6.
180 468 412 512 ‚,Similiter³)
443 477 554 501 autem
567 467 603 512 ⁴)
638 476 671 500 et
695 465 841 511 Spiritus
865 464 1002 512 adjuvat
1024 465 1168 500 infirmi-

35 539 140 564 tatem
170 540 330 563 nostram.
384 531 471 562 Nam
506 529 588 574 quid
628 541 763 561 oremus
797 528 1035 571 secundum5)
1074 530 1168 572 quod

38 601 182 636 oportet,
206 592 388 632 nescimus3
412 593 470 624 sed
496 591 567 636 ipse
592 590 737 634 Spiritus
760 603 824 634 pro
849 590 950 623 nobis
974 590 1169 634 interpellat

36 652 213 694 gemitibus
244 653 536 685 inenarrabilibus.
596 652 666 695 Qui
706 661 820 684 autem
851 661 1020 685 scrutatur
1053 653 1168 693 corda,

34 713 96 746 scit
119 713 201 758 quid
227 713 393 746 desideret
417 713 579 757 Spiritus,
610 713 690 757 quia
713 714 901 746 secundum
924 714 1039 747 Deum
1063 714 1168 747 inter-

33 774 185 820 pellat⁶)
217 788 281 819 pro
316 775 467 808 sanctis.“
523 775 611 807 Cum
643 774 677 807 in
708 775 940 819 superioribus
974 775 1169 819 dixisset,⁷)

35 835 113 880 quia
138 835 248 868 omnis
279 846 431 869 creatura
463 836 530 877 his,
567 836 625 881 qui
655 836 690 868 in
722 849 830 878 agone
854 835 955 881 hujus
979 836 1066 869 vitae
1090 847 1169 870 sunt

32 896 144 941 positi,
169 896 430 939 congemisceret
453 906 486 930 et
510 898 729 937 condoleret,
757 899 822 930 hoc
847 906 905 937 est,
930 897 1168 938 collaboraret,

32 958 187 1002 viresque
210 960 390 999 conferret,
417 969 487 992 tum
513 959 613 991 etiam
637 973 671 992 se
698 959 810 1003 ipsum
833 959 960 991 Paulus
985 973 1023 992 ac
1046 961 1098 993 sui
1123 961 1166 994 si-

33 1019 130 1052 miles
153 1021 308 1063 proferre
332 1020 472 1062 gemitus
497 1033 560 1065 pro
575 1021 808 1053 laborantibus
829 1021 1108 1066 memorasset,⁸)
1125 1042 1167 1048 —

33 1089 72 1112 ut
95 1093 156 1124 per
178 1081 310 1125 hae09)
343 1082 511 1115 solaretur
541 1082 575 1114 in
601 1081 783 1114 certamine
807 1081 947 1125 positos,
972 1095 1049 1128 cum
1074 1083 1167 1116 vide-

33 1150 110 1174 rent
140 1155 258 1174 omnes
292 1152 423 1175 sanctos
460 1142 719 1186 universamque
743 1152 932 1175 creaturam
965 1144 1090 1177 affectu
1115 1158 1166 1178 se-

33 1215 111 1236 cum
127 1202 181 1247 ¹⁰)
207 1204 374 1241 laborare,
398 1203 608 1247 gemitusque
645 1203 857 1248 conjungere
876 1226 929 1243 -‚
957 1205 1052 1238 addit
1075 1219 1168 1239 nune

33 1264 192 1297 excelsius
223 1264 351 1308 aliquid
385 1273 417 1296 ct
453 1263 640 1297 sublimius.
688 1265 758 1303 Ne,
791 1264 919 1308 inquit,
952 1268 1168 1313 parvum¹¹)

31 1325 170 1370 putetis,
204 1326 297 1370 quod
332 1325 440 1357 omnis
474 1324 655 1357 uobiscum
688 1325 907 1367 congemiscit
941 1337 973 1360 et
1005 1330 1169 1363 condolet

32 1395 198 1419 creatura:
225 1399 268 1418 ne
291 1399 432 1431 parvum
448 1386 504 1430 12)
526 1386 688 1426 videatur,
714 1387 808 1431 quod
829 1401 892 1421 nos
916 1387 979 1433 ipsi
1003 1390 1168 1432 gemimus

30 1460 95 1492 pro
118 1447 293 1480 laboribus
317 1447 441 1481 vestris.
457 1447 512 1491 13)
548 1447 662 1480 Etiam
687 1447 819 1481 divinae
842 1449 905 1494 ipsi
921 1459 1062 1485 naturae
1090 1465 1165 1495 erga

32 1522 155 1552 agones
172 1518 369 1553 nostr0s‚-
387 1509 563 1543 vobiscum
586 1509 676 1542 enim
692 1523 747 1543 me
764 1524 903 1556 quoque
921 1511 1092 1559 conjungo
1113 1533 1167 1554 -,

125 1654 160 1700 ¹)
184 1654 249 1687 Ed.
274 1652 382 1686 Ruaei
404 1653 495 1686 sola:
519 1654 650 1689 virtute.
745 1656 783 1700 ²)
807 1657 909 1696 Rom,
934 1656 1026 1697 VIII,
1047 1658 1101 1692 25.

121 1710 160 1753 3)
183 1711 285 1743 Rom.
309 1710 401 1749 VIII,
425 1711 478 1745 26.
501 1711 556 1744 27.

123 1765 160 1810 ⁴)
184 1766 290 1799 Deest
313 1770 470 1806 „autem“
493 1765 529 1798 in
556 1768 608 1802 ed.
633 1766 751 1801 Ruaei.

125 1822 162 1867 ⁵)
185 1821 274 1855 Edd.
299 1821 454 1854 Merlini:
480 1822 566 1855 sicut
591 1832 736 1867 oportet.

123 1877 161 1922 θ)
187 1878 275 1910 Edd.
299 1877 456 1910 Merlini:
481 1879 641 1923 postulat.

128 1933 164 1975 ⁷)
190 1932 288 1966 Rom.
312 1934 404 1974 VIII,
429 1934 482 1968 22.

125 1988 163 2032 ⁸)
187 1989 287 2022 Rom.
314 1990 405 2030 VIII,
428 1990 483 2024 23.
578 1990 615 2035 ⁹)
638 1990 727 2023 Edd.
751 1989 908 2024 Merlini:
933 1991 1008 2026 hoc.

100 2044 161 2109 2⁰)
186 2044 280 2122 Edlizti
317 2044 362 2089 (e.
397 2058 424 2078 c.
464 2046 540 2079 edd.
570 2046 661 2092 ΜΛ)
687 2059 823 2087 „secum
847 2048 983 2081 labores
1007 2049 1164 2092 gemitus-

34 2102 99 2135 que
145 2098 205 2121 etc.
265 2115 270 2122 .

99 2145 156 2189 ¹¹)
181 2144 273 2177 Alias
306 2145 353 2189 (e.
377 2159 405 2178 c.
430 2145 465 2178 in
491 2148 567 2180 edd.
594 2147 678 2192 Μ..)
707 2153 880 2193 „parum.“
906 2149 948 2181 R.

105 2200 163 2244 ¹²)
188 2200 280 2233 Alias
304 2200 350 2244 (e.
377 2214 404 2234 c.
428 2201 464 2234 in
489 2203 565 2235 edd.
592 2203 681 2248 Μ.)
706 2208 881 2249 „parum.“
904 2204 945 2237 R.

104 2258 163 2303 ι3)
186 2258 275 2292 Εᾶᾱ,
298 2256 454 2290 Mei-lini:
479 2258 605 2299 vestris,
635 2259 735 2294 etiam
759 2260 891 2295 divinae
916 2270 977 2293 etc.

36 2317 212 2356 Ommzms
237 2318 374 2355 OPERA.
406 2318 501 2354 Tom.
526 2320 599 2354 VII.
885 2321 909 2355 8
