1377 2454
210 95 279 132 258
487 94 665 128 Omenms
688 103 727 127 m
749 93 811 127 Er.
837 102 884 127 An
910 91 1088 128 Ramnes

213 185 309 218 radix
334 193 458 224 sancta,
483 193 516 217 et
539 183 635 217 rami.
685 183 840 229 Quod')
874 183 900 217 si
934 184 1040 229 aliqui
1071 197 1108 217 ex
1132 184 1233 218 ramis
1258 184 1356 218 fracti

214 256 301 286 sunt,
326 257 362 279 tu
387 256 499 279 autem
525 260 602 279 cum
628 259 712 279 esses
739 246 893 285 oleaster,
916 245 1059 279 insertus
1083 261 1117 280 es
1141 246 1176 279 in
1200 246 1285 286 illis,
1324 256 1357 280 et

214 308 325 342 socius
350 309 455 340 sactus
481 321 514 341 es
539 307 659 340 radicis
686 317 718 340 et
739 307 953 352 pinguedinis
980 308 1097 348 olivae,
1122 309 1193 341 noli
1218 308 1355 350 gloriari

217 371 374 403 adversus
399 383 520 403 ramos.
570 369 676 413 Quod
697 369 728 403 ,si
753 370 916 412 gloriaris,
941 383 1012 402 non
1037 380 1073 403 tu
1100 370 1247 403 radicem
1272 384 1355 414 por-

214 442 273 472 ῑειε,
287 434 344 465 sed
366 432 460 464 radix
481 441 522 465 te.
557 431 653 464 Dicis
674 445 770 474 ergo:
797 431 894 464 fracti
906 431 942 475 ²)
956 441 1032 464 sunt
1052 431 1146 471 rami,
1170 441 1207 463 ut
1223 445 1283 473 ego
1303 431 1355 464 in—

215 507 316 527 serar.
353 493 469 526 Bene:
487 503 630 538 propter
643 493 915 526 incredulitatem
936 493 1033 527 frati
1054 502 1140 527 sunt.
1175 492 1230 525 Tu
1245 502 1356 525 autem

217 556 285 588 fide
310 566 390 588 stas:
417 555 539 598 noli³)
563 556 709 600 superbe
729 568 856 599 sapere,
882 556 939 588 sed
955 542 1046 587 tirne.
1087 555 1123 589 Si
1153 554 1241 588 enirn
1261 555 1357 587 Deus

214 618 427 650 naturalibus
452 617 553 650 ramis
577 631 649 650 non
673 616 842 661 pepercit,
874 630 935 649 nec
951 616 987 661 ⁴)
1012 616 1073 649 tibi
1098 626 1222 661 parcet.
1269 616 1358 648 Vide

215 693 294 722 ergo
313 680 501 712 bonitatem
519 689 549 712 ct
565 678 772 712 severitatem
794 678 879 711 Dei:
902 678 938 711 in
955 692 1012 711 eos
1029 679 1178 723 quidem,
1198 677 1256 722 qui
1272 677 1358 709 ceci-

217 742 350 780 derunt,
366 741 591 781 severitatem3
616 741 650 773 in
674 750 707 773 te
726 750 839 773 autem
856 739 1054 780 bonitatem,
1068 741 1102 784 ⁵)
1120 740 1146 773 si
1162 752 1356 784 permanse-

216 802 260 835 ris
286 802 320 835 in
345 802 508 836 bonitate.
553 802 714 847 Alioquin
740 811 772 835 et
796 812 832 834 tu
849 802 1070 847 excideris,⁶)
1096 812 1128 835 et
1151 802 1209 841 illi,
1235 802 1261 835 si
1285 806 1356 834 non

216 863 464 909 permanserint
488 863 523 896 in
548 863 794 903 incredulitate,
820 863 1019 897 inserentur.
1055 864 1181 896 Potens
1195 873 1242 896 est
1267 863 1357 896 enim

216 926 312 958 Deus
337 925 459 958 iterum
485 925 631 958 inserere
662 925 749 958 illos.
799 924 934 969 Nam7)
966 925 992 958 si
1024 935 1056 957 et
1086 935 1123 957 tu
1150 939 1188 958 ex
1206 912 1357 958 (naturali

217 988 363 1020 oleastro
391 986 515 1019 excisus
542 1000 589 1025 es,
627 996 659 1019 et
684 996 802 1019 contra
828 996 983 1019 naturam
1008 987 1151 1020 insertus
1176 1000 1210 1020 es
1233 987 1267 1019 in
1293 988 1357 1019 bo·-

217 1062 295 1081 nam
324 1048 465 1081 olivam:
488 1057 615 1092 quanto
630 1048 734 1089 magis
754 1047 789 1080 hi
809 1049 997 1081 secundum
1017 1058 1183 1088 naturam,
1207 1048 1357 1081 inseren-

216 1120 272 1142 tur
296 1123 375 1142 suae
401 1109 550 1142 olivae'f‘
598 1109 721 1142 Nescio
749 1110 927 1154 quomodo
961 1109 1056 1155 hist-³)
1094 1110 1151 1154 qui
1177 1111 1218 1142 de
1242 1111 1357 1143 schola

216 1171 388 1204 Valentini
415 1180 446 1203 et
471 1171 626 1204 Basilidis
651 1171 800 1210 veniunt,
825 1172 905 1204 hacc
929 1170 973 1204 ita
999 1185 1017 1204 a
1041 1171 1151 1205 Paulo
1175 1172 1260 1205 dicta
1286 1185 1358 1204 non

217 1233 402 1272 audientes,
428 1233 596 1277 putent9)
622 1246 692 1266 esse
711 1242 867 1265 naturam
889 1232 1088 1274 animarum,
1113 1247 1200 1278 quae
1224 1247 1358 1278 semper

217 1296 306 1328 salva
330 1295 380 1334 sit,
407 1305 438 1327 et
463 1307 639 1339 nunquam
663 1304 795 1338 pereat3
819 1303 850 1326 et
875 1293 985 1334 aliam,
1011 1309 1097 1340 quae
1120 1309 1254 1341 semper
1277 1309 1357 1340 per-

219 1367 288 1397 eat,
326 1367 357 1390 et
382 1370 560 1401 nunquam
585 1356 747 1389 salvetur:
782 1355 931 1399 cum¹⁰)
964 1367 1078 1401 aperte
1102 1357 1228 1390 Paulus
1259 1358 1356 1396 dicat,

216 1420 341 1451 fractos
384 1432 452 1451 esse
484 1420 596 1450 rambs
628 1419 740 1450 bonae
771 1417 878 1450 olivae
910 1428 1054 1462 propter
1086 1418 1355 1452 incredulitatem

218 1493 323 1519 suam,
349 1488 381 1512 et
396 1481 401 1498 ¹
418 1479 449 1523 ¹)
477 1479 608 1512 divinae
633 1478 815 1512 severitatis
836 1478 1016 1521 indiguisse
1031 1479 1194 1512 vindicta:
1222 1489 1254 1513 et
1279 1494 1354 1512 rur-

314 1596 347 1638 ¹)
371 1596 460 1629 Edd.
486 1594 641 1628 Merlini:
668 1596 761 1640 quod
787 1595 813 1628 si
838 1609 875 1628 ex
890 1595 991 1629 ramis
1016 1595 1121 1640 aliqui
1146 1596 1243 1629 fracti
1267 1606 1355 1636 sunt,

218 1651 255 1674 tu
280 1652 391 1674 autem
418 1654 495 1673 cnm
521 1641 665 1673 oleaster
689 1654 783 1679 esses,
809 1641 952 1674 insertus
978 1655 1010 1674 es
1035 1641 1069 1673 in
1095 1641 1169 1681 illis,
1197 1651 1229 1674 et
1244 1641 1356 1675 socius

219 1686 340 1719 radicis
366 1696 397 1719 et
422 1685 634 1730 pinguedinis
661 1685 768 1718 olivae
793 1687 900 1719 sactus
926 1700 968 1725 es,
994 1686 1066 1719 noli
1092 1696 1152 1720 etc.

313 1743 349 1786 ²)
372 1743 460 1776 Edd.
486 1741 638 1774 Merlini:
664 1741 760 1774 fracti
784 1752 862 1775 sunt
886 1742 980 1781 rami,
1008 1756 1068 1784 ego
1094 1742 1231 1776 inserar.

311 1797 348 1839 ³)
372 1798 465 1830 Editi
497 1797 545 1843 (v.
580 1811 606 1830 c.
633 1799 708 1830 edd.
735 1798 818 1841 M.):
844 1797 938 1837 „noli
963 1797 1068 1830 altum
1094 1803 1242 1842 sapere.“
1285 1799 1354 1832 Sed

220 1843 305 1876 Msc.
330 1844 409 1884 Reg.
436 1857 527 1875 num.
555 1844 651 1878 1639.
677 1853 715 1876 ut
738 1843 773 1876 in
799 1852 899 1875 textu.
925 1843 965 1875 R.

312 1898 349 1942 ¹²)
374 1899 462 1930 Edd.
489 1898 646 1931 'Merlinit
672 1911 717 1932 ne
740 1900 829 1931 forte
852 1911 914 1931 nec
940 1897 999 1931 libi
1022 1907 1147 1943 parcat.

313 1955 348 1998 ⁵)
373 1955 462 1986 Edd.
488 1953 644 1986 Merlini:
670 1954 857 1986 bonitatem
884 1953 959 1987 Dei.

313 2009 350 2052 ⁶)
374 2009 461 2042 Edd.
486 2008 643 2043 Merlini:
670 2009 837 2043 excideris.
884 2010 953 2043 Sed
984 2018 1016 2042 et
1040 2008 1110 2050 illi,
1147 2009 1173 2043 si
1196 2023 1267 2042 non
1293 2018 1352 2043 etc.

313 2066 461 2109 7>Ε(](1.
485 2064 641 2098 Merlini:
671 2067 758 2098 Nam
791 2065 818 2098 si
842 2074 877 2097 tu
916 2078 953 2097 ex
986 2065 1132 2099 naturali
1164 2065 1288 2099 excisus
1321 2079 1353 2099 cs

221 2112 378 2150 oleastro,
404 2120 435 2143 et
460 2119 578 2142 contra
604 2120 664 2144 etc.
1254 2110 1258 2114 ’

311 2167 348 2212 Β)
373 2167 478 2199 Deest
501 2165 576 2205 ‚,hi“
601 2167 635 2199 in
662 2166 737 2198 edd.
763 2165 811 2198 M.
864 2166 899 2210 ⁹)
914 2166 975 2199 Ed.
989 2165 1097 2200 Ruaei
1116 2167 1204 2199 sola:
1221 2174 1350 2210 putant.

294 2223 347 2265 ¹⁰)
372 2223 460 2256 Edd.
486 2221 642 2254 Merlini:
666 2235 743 2254 cum
758 2221 884 2255 Paulus
902 2231 1017 2266 aperte
1033 2222 1131 2261 dicat,
1151 2222 1275 2254 fractos
1289 2229 1351 2253 etc.

291 2278 347 2321 ¹¹)
371 2278 426 2310 Sic
451 2287 540 2310 recte
564 2277 647 2310 Msc.
682 2277 760 2320 Reg.
794 2291 886 2312 num.
922 2278 1017 2314 1639.
1076 2276 1168 2311 Editi
1199 2290 1278 2310 vero
1303 2278 1349 2322 (e.
