1377 2454
195 23 263 56 122
462 23 642 57 Omcmms
672 34 709 58 m
732 25 795 58 ΕΡ.
821 34 868 58 An
896 26 1076 59 ROMANos

197 126 266 146 esse
292 112 412 145 effecti.
454 113 491 146 Si
515 127 594 145 vero
620 115 731 147 adhuc
755 114 790 147 in
814 114 915 148 initiis
941 115 1014 160 quis
1041 126 1266 158 conversetur,
1290 138 1331 145 —-

195 174 350 214 „initium
366 174 402 219 ι)
432 184 543 208 autem
569 176 751 220 sapientiae
774 176 925 222 timor²)
958 176 1027 210 Dei
1051 187 1099 211 est
1124 183 1215 219 —‚“
1241 189 1273 212 et
1296 179 1332 212 in

193 236 317 269 timore
343 238 453 269 adhue
476 237 604 281 positus
630 238 739 282 prima
757 239 865 271 cultus
881 237 946 270 Dei
971 239 1137 273 elementa
1161 240 1330 285 suscipiat,

194 300 382 332 secundum
413 300 559 332 sormam
591 300 692 340 servi,
733 314 835 344 quam
873 299 1019 344 suscepit
1048 303 1090 334 ad
1122 302 1204 341 hoc,
1244 301 1331 346 ut3)

194 361 296 393 rudes
319 370 351 393 et
374 361 507 403 ignaros
533 361 690 394 timorem
714 362 781 394 Dei
807 364 953 401 doceret,
967 362 1003 407 ⁴)
1041 364 1234 396 conformes
1258 363 1331 396 fieri

193 422 404 464 intelligendi
419 423 453 467 ⁵>
485 432 562 455 sunt
595 423 689 468 hi,⁶)
726 424 784 468 qui
808 423 918 468 prima
941 423 1035 456 initia
1059 424 1095 456 in
1119 424 1186 457 Dei
1208 424 1331 458 timore

195 484 391 528 suscipiunt.
437 483 560 526 „Quia,
577 485 612 527 7)
636 485 766 529 inquit,
803 499 888 530 quos
918 485 1110 530 praescivit,
1134 494 1167 519 et
1187 487 1329 531 praede-

194 545 327 579 stinavit
353 546 547 579 conformes
571 546 643 579 ficri
668 546 820 589 imaginis
838 547 918 580 Filii
933 548 1016 580 sui.“
1049 548 1128 580 Non
1141 547 1177 592 8)
1195 547 1329 581 omitta-

193 622 269 640 mus
294 621 356 640 nec
379 608 420 639 de
437 620 488 646 e0,
515 609 609 652 quod
636 608 734 641 dixit:
758 609 970 653 „p1-aescivit,
985 609 1020 652 ⁹)
1047 619 1080 642 et
1100 609 1328 654 praedestina-

193 669 271 702 vit.“
316 670 407 702 Puto
433 669 610 714 enim,¹⁰)
637 672 748 714 quod,
781 671 868 704 sicut
891 684 963 703 non
989 672 1031 703 de
1056 671 1214 704 omnibus
1239 671 1331 711 dixit,

195 731 253 775 qui
276 730 515 775 praedestinati
547 741 640 771 sunt,
672 732 715 765 ita
748 746 810 765 nec
836 734 878 765 de
904 731 1081 772 omnibus,
1114 746 1200 777 quos
1230 746 1330 777 prae-

194 792 275 826 sciit.
292 794 299 811 ¹
315 792 348 837 1)
394 793 475 825 Non
501 793 590 825 enim
615 794 803 826 secundum
828 807 1046 826 communem
1080 794 1170 837 vulgi
1195 794 1330 839 opinio-

193 869 273 888 nem
297 856 488 898 putandum
515 864 578 894 est,
603 856 694 887 bona
719 856 876 900 malaque
906 855 1075 900 praescire
1106 856 1239 896 Deum,
1271 857 1329 889 sed

194 917 380 950 secundum
397 917 589 960 Scripturac
606 926 739 949 sanctae
752 916 1031 950 consuetudinem
1046 917 1259 951 sentiendum
1275 917 1331 962 ¹²)

195 988 251 1011 est.
301 979 467 1011 Observet
491 977 581 1010 enim
607 978 664 1022 qui
679 979 848 1011 studiosus
875 989 922 1011 est
946 978 981 1010 in
1009 978 1201 1023 Scripturis,
1225 978 1332 1012 sicubi

193 1040 321 1073 invenit
353 1039 563 1084 Scripturam
603 1040 731 1080 dicere,
771 1041 848 1085 quia
877 1041 986 1073 malos
1010 1040 1202 1084 praescierit
1225 1041 1331 1081 Deus,

192 1101 278 1135 sicut
301 1102 334 1134 in
360 1102 527 1146 praesenti
553 1102 631 1133 loco
658 1103 700 1134 de
725 1102 824 1135 bonis
843 1101 1019 1134 manifeste
1039 1101 1134 1135 dicit:
1159 1101 1331 1146 „quia¹³)

194 1177 280 1208 quos
303 1163 489 1208 praescivit,
515 1173 546 1196 ct
570 1164 831 1208 praedestinavit
855 1165 1050 1197 conformes
1073 1163 1146 1196 fieri
1161 1163 1216 1207 ι4)
1247 1162 1331 1195 ima-

289 1253 322 1298 Ι)
346 1254 447 1286 Prov.
471 1253 531 1292 IX,
559 1254 609 1286 10.

285 1310 323 1353 2)
348 1309 403 1342 Sic
437 1322 554 1341 omnes
585 1309 665 1341 Blss.
690 1308 815 1347 nostri,
861 1317 894 1341 et
916 1309 1087 1341 Rabanus.
1133 1307 1227 1341 Editi
1250 1321 1330 1341 vcro

193 1356 240 1399 (v.
268 1368 295 1387 c.
322 1355 373 1387 ed.
399 1355 447 1386 M.
474 1354 536 1397 I.):
567 1353 691 1392 „timor
716 1354 856 1393 dicitur,
893 1363 925 1386 et
955 1354 990 1386 in
1022 1355 1166 1386 timore“
1191 1363 1250 1386 etc.
1276 1354 1329 1385 AI.

192 1400 325 1444 (itemq.
352 1401 403 1431 ed.
428 1399 476 1430 Μ.
502 1399 580 1442 ΙΙ.);
606 1399 730 1437 „timor
753 1399 906 1438 Domini,
933 1408 964 1431 et
988 1399 1023 1432 in
1044 1399 1187 1431 timore“
1215 1398 1329 1431 etc.R.

286 1456 323 1500 3)
349 1454 440 1487 Editi
465 1455 511 1498 (v.
538 1468 562 1486 c.
590 1455 665 1487 cdd.
685 1454 771 1497 M.):
798 1464 855 1494 „nt
868 1454 1010 1487 rudibus
1026 1464 1058 1487 et
1083 1453 1235 1495 ignaris.“
1261 1454 1329 1487 Sed

195 1515 311 1534 omnes
336 1501 429 1540 Blss„
455 1509 486 1532 et
510 1500 682 1538 Rabanus,
706 1509 744 1531 ut
766 1500 801 1532 in
824 1508 925 1532 textu.
951 1501 990 1532 R.

286 1557 322 1600 4)
347 1558 411 1589 Ed.
437 1557 485 1589 M.
511 1556 552 1588 II.
578 1556 665 1588 sola:
691 1555 875 1588 induceret.

286 1614 321 1659 5)
346 1614 430 1646 Blsc.
455 1626 558 1645 unus:
583 1612 743 1653 „intelligi
766 1615 940 1655 possunt.“
963 1611 1003 1644 R.

287 1672 322 1711 5)
346 1670 435 1702 Edd.
459 1668 615 1701 Merlini:
643 1669 674 1701 ii.
771 1667 806 1712 7)
831 1668 931 1700 Rom.
957 1667 1050 1707 VIII,
1072 1667 1127 1700 29.

286 1725 322 1769 εᾖ)
348 1725 403 1758 Sic
447 1725 530 1757 NIsc.
571 1738 657 1756 unus
689 1725 771 1765 Reg.
803 1737 897 1756 num.
930 1723 1025 1758 1639.
1095 1721 1207 1754 Ceteri
1247 1734 1326 1753 vero

193 1771 274 1803 Mss.
300 1780 331 1802 et
357 1770 437 1802 editi
464 1773 508 1813 (v.
534 1784 560 1803 e.
586 1769 763 1813 cdd.M.>;
790 1769 890 1808 „Non
917 1768 1109 1801 omittamus
1134 1780 1196 1799 nec
1217 1767 1257 1798 de
1276 1780 1328 1805 eo,

194 1817 288 1860 quod
313 1815 409 1847 dixit:
434 1816 619 1858 praescivit,
641 1824 672 1847 et
694 1813 984 1859 praedestinavit,“
1001 1822 1032 1845 et
1053 1825 1169 1845 vocem
1195 1811 1328 1852 „enim“

192 1870 270 1906 post
293 1861 435 1899 ‚,Puto,“
460 1861 500 1892 R.

286 1918 321 1960 9)
346 1917 448 1950 Rom.
472 1917 563 1956 VIII,
585 1917 638 1950 29.

264 1975 321 2018 ιο)
346 1973 482 2015 Legitur
514 1972 656 2012 „enim,“
681 1973 739 2004 cfr.
764 1985 795 2016 p.
819 1970 887 2016 huj.
909 1980 981 2003 not.
1004 1970 1047 2010 8,,
1071 1969 1107 2002 in
1131 1970 1208 2003 edd.
1233 1970 1282 2002 Μ.

266 2031 323 2068 ¹¹)
348 2031 411 2062 Ed.
438 2030 486 2061 M.
510 2029 557 2061 II:
583 2028 767 2072 praescivit.
842 2056 845 2057 γ

266 2087 322 2132 ¹²)
346 2085 438 2118 Ediii
463 2086 509 2129 (v.
535 2099 561 2118 c.
587 2085 662 2116 edd.
687 2084 768 2127 Μ.);
793 2083 989 2123 „sciendum
1016 2087 1095 2115 est.“
1120 2082 1159 2114 R.

267 2143 324 2187 ¹3)
347 2143 447 2174 Rom.
470 2141 564 2179 VIII,
586 2140 638 2173 29.

268 2199 324 2242 14)
350 2198 452 2230 Deest
476 2196 590 2236 „Iicri“
617 2196 649 2227 in
676 2195 755 2227 Mss.
791 2195 901 2228 Codd.
927 2195 1061 2233 nostris,
1087 2203 1114 2226 ct
1142 2195 1232 2238 apud
1257 2193 1323 2225 Ra-

195 2247 332 2283 banum,
357 2245 414 2277 sed
440 2251 541 2275 exstat
566 2242 600 2274 in
621 2240 716 2273 editis
741 2240 787 2283 (e.
814 2254 839 2273 c.
867 2241 943 2274 edd.
970 2241 1046 2283 Μ..)
1074 2240 1110 2272 R.
