1320 2444
295 97 650 131 COMMENTAmonuM
673 96 746 129 Lm,
771 95 829 128 IX.
1055 96 1120 130 291

1 192 67 230 alis,
89 200 173 234 quae
195 187 299 229 magis
324 186 496 220 desideriis
522 187 644 219 nostris
668 186 850 227 indulgeat,
877 198 977 229 quam
996 185 1120 219 utilita-

2 253 73 286 ibus
98 250 260 283 consulat.
308 249 377 282 Sed
404 248 471 294 jam
500 249 542 281 ad
567 249 741 292 sequentia
768 257 1014 281 convertamur.

70 315 101 347 2.
126 311 290 354 ‚,Dico¹)
324 310 413 343 enim
448 323 511 354 per
534 310 694 350 gratiam,
727 322 813 354 quae
845 311 920 342 data
956 318 1002 342 est
1025 308 1119 349 mihi,

0 373 158 412 mnibus,
191 371 249 417 qui
278 382 356 404 sunt
381 371 467 404 inter
497 384 574 404 vos:
606 370 727 413 n0n²)
762 372 837 415 plus
867 383 985 414 sapere
1017 384 1119 414 quam

0 444 115 480 *portet
137 447 273 478 sapere,
297 435 355 466 sed
379 446 497 477 sapere
521 433 563 464 ad
587 432 820 465 sobrietatem:
845 431 1031 475 unicuique
1054 432 1117 464 sic-

0 507 17 530 .t
41 495 155 532 divisitv
172 495 265 528 Deus
290 508 481 528 mensuram
512 495 602 527 fidei.
647 493 741 526 Sicut
771 493 860 526 enim
884 493 918 525 in
944 507 1014 525 uno
1042 506 1118 526 cor—

0 570 65 590 .ore
88 557 194 589 multa
220 557 374 589 membra
400 557 575 595 habemus,
600 557 754 588 membra
781 565 892 588 nutem
911 554 1026 588 omnia
1043 569 1116 587 nou

0 619 125 651 undem
152 627 263 650 actum
291 619 435 650 habeut:
471 618 515 650 ita
540 617 636 649 multi
661 630 769 649 unum
796 630 919 661 corpus
943 630 1059 649 sumus
1084 617 1118 648 in

0 680 127 718 {lu-isto,
151 680 272 720 singuli
299 690 409 712 nutem
436 680 520 712 alter
544 678 678 711 alterius
704 679 891 711 membra.“
932 679 1116 711 Sciendum

6 741 91 773 rimo
119 749 175 780 est,
203 743 309 784 quod,
335 741 393 774 ubi
412 754 473 773 nos
489 741 668 773 habemus:
694 739 932 784 ‚,0n1nibus,³)
958 739 1016 784 qui
1040 749 1118 772 sunt

0 812 64 835 ater
89 816 146 835 vos
159 806 187 834 :“
222 802 258 834 in
295 803 428 836 Graeco
456 804 616 836 habetur:
643 802 770 841 ,‚omni,
795 802 851 845 qui
878 811 924 834 est
947 802 982 834 in
996 801 1032 847 ⁴)
1056 815 1116 833 vo-

4 863 59 897 is.“
108 862 178 906 Qui
202 876 314 897 sermo
340 865 456 908 utique
481 866 523 897 ad
549 876 606 896 eos
632 864 759 896 indicat
781 865 922 896 verbum
942 863 1023 903 fieri,
1050 863 1118 908 qui,

0 939 55 957 nm
75 934 150 957 ante
168 938 240 957 non
261 926 395 965 suerint,
420 940 513 958 nunc
532 938 599 957 esse
616 934 812 969 coeperunt.
829 924 864 969 ⁵)
896 925 989 958 Deus
1015 925 1117 964 enim,

3 996 15 1018 t
37 986 129 1018 idem
152 987 338 1029 Apostolus
364 987 417 1025 ait,
442 986 586 1029 vocats’)
611 1000 720 1031 „quae
745 1000 816 1018 non
842 995 929 1025 suut,
954 996 1117 1029 tanquam

5 1061 67 1080 uae
90 1052 198 1080 sunt.“
245 1047 324 1081 Non
350 1058 429 1081 sunt
454 1058 565 1080 autem
591 1048 634 1086 hi,
661 1047 718 1091 qui
737 1047 916 1091 participes
942 1061 1014 1079 nou
1041 1057 1118 1079 sunt

0 1108 60 1153 jus,
87 1109 144 1152 qui
169 1122 246 1141 vere
273 1118 328 1148 est,
354 1110 411 1152 qui
437 1108 517 1141 dixit
542 1111 582 1141 ad
599 1110 740 1141 Mosen:
766 1108 889 1152 ‚‚dic'¹')
906 1108 981 1141 filiis
999 1108 1117 1141 Israel:

4 1171 37 1202 ui
62 1179 118 1209 est,
143 1170 232 1203 misit
264 1184 319 1203 me
351 1172 393 1203 ad
426 1175 514 1204 vos.“
563 1171 669 1213 Quod
697 1183 776 1212 ergo
803 1171 847 1202 ait
868 1170 1011 1203 Paulus:
1044 1169 1117 1208 „di-

1 1231 69 1274 05)
95 1231 183 1263 enim
212 1231 381 1271 omnibus,
407 1233 463 1276 qui
488 1241 565 1264 sunt
591 1232 677 1264 inter
693 1245 766 1264 vos:
761 1236 790 1250 ‘⁶
814 1232 876 1270 vel,
900 1231 990 1262 utin
1010 1230 1117 1263 Grae-

958 1297 986 1312 “‘
1009 1293 1118 1326 simile,

0 1292 24 1325 is
49 1292 165 1324 haberi
192 1293 350 1326 diximus.
365 1294 401 1337 9)
425 1294 553 1333 ‚,0rnni,
578 1293 635 1337 qui
661 1302 707 1324 est
731 1293 764 1324 in
780 1293 836 1334 ¹⁰)
852 1292 962 1325 xobis:

0 1363 27 1387 st
50 1367 87 1386 ac
113 1354 139 1387 si
165 1355 309 1387 diceret:
333 1355 508 1400 ‚,‹]ico¹¹)
535 1355 647 1387 enim“
674 1354 787 1393 omni,
813 1354 870 1397 qui
895 1354 929 1386 in
956 1354 1033 1386 Deo
1060 1363 1117 1393 est,

6 1429 50 1448 on
82 1417 178 1460 „plus
208 1429 326 1460 sapere
358 1430 460 1460 quam
495 1426 629 1461 oportet
660 1421 810 1460 sapere.“
872 1416 1116 1450 Verumtamen

74 1527 109 1571 1)
132 1526 234 1560 Rom
258 1527 336 1567 ΧΠ,
359 1527 391 1560 3
416 1528 446 1560 4.
479 1529 511 1562 5.

73 1582 110 1627 ²)
135 1584 266 1616 Verba:
292 1597 385 1623 „non
417 1583 492 1627 plus
523 1596 642 1628 sapone
678 1605 718 1611 --·
754 1585 788 1617 in
815 1585 968 1624 ClnistO,
995 1583 1118 1625 singuli

2 1637 92 1660 utem
118 1629 201 1660 alter
225 1628 359 1660 altmius
383 1629 568 1667 membra,“
594 1630 746 1662 desunt
738 1645 772 1663 m
798 1630 891 1663 editis
911 1635 958 1675 (v.
984 1643 1010 1661 c.
1039 1630 1115 1662 edd.

0 1673 28 1706 (I.
33 1673 60 1717 ),
83 1675 142 1706 sed
164 1674 383 1706 restituuntur
407 1685 443 1704 ex
472 1673 631 1706 omnibus
659 1675 736 1708 Mss.
763 1675 801 1708 R.

72 1729 109 1773 ³)
136 1729 237 1764 Rom
261 1728 338 1767 XII,
361 1729 391 1762 3.
488 1728 524 1771 Δ)
549 1729 637 1761 Edd.
663 1729 821 1762 NIerlmi:
845 1730 933 1762 inter
958 1742 1026 1763 vos.

75 1785 110 1829 ⁵)
134 1784 227 1817 Editi
258 1784 305 1829 (V.
337 1797 363 1817 c.
398 1785 473 1817 edd.
507 1784 594 1829 M.):
625 1785 832 1829 „coeperiut.
890 1786 984 1819 Deus
1016 1786 1117 1826 enim,

8 1830 124 1862 t·dicit
152 1831 359 1873 Apostolus“
395 1839 455 1862 etc.
497 1830 580 1862 Msc.
619 1829 698 1870 Reg.
730 1844 824 1863 num.
866 1830 963 1864 1639.
999 1831 1116 1863 itidem

5 1875 214 1919 coeperint·‚“
239 1876 297 1907 sed
324 1874 453 1918 reliqua
477 1873 549 1918 ipse
575 1884 606 1908 et
631 1875 731 1908 ceteri
757 1875 835 1909 Mss.
864 1889 928 1908 nec
951 1889 1024 1908 non
1049 1876 1117 1909 Ra-

8 1933 88 1952 anus
112 1921 238 1952 habent
260 1928 298 1952 ut
320 1919 354 1952 in
380 1929 479 1954 textu.
506 1920 544 1954 R.

76 1974 112 2018 ⁶)
136 1975 237 2007 Rom.
260 1974 318 2014 IV,
342 1976 393 2011 17.

77 2029 113 2074 ⁷)
137 2030 230 2062 Editi
261 2030 308 2074 (v.
335 2045 362 2063 c.
387 2032 462 2064 edd.
495 2031 583 2075 NL).
618 2030 723 2071 „haec
758 2031 848 2065 dices
884 2031 962 2065 filiis
995 2031 1117 2065 Israel“

8 2084 43 2108 tc.
67 2075 169 2107 Male.
185 2073 253 2118 (Ρ)
280 2075 317 2108 R.
343 2095 384 2101 —
409 2076 516 2110 Exod.
542 2077 602 2116 Ill,
626 2077 677 2110 14.

76 2130 113 2173 ⁸)
138 2131 239 2162 Rom.
264 2130 340 2169 ΧΠ,
363 2132 397 2168 3.
492 2132 527 2175 ⁹)
553 2132 640 2166 Edd.
665 2132 823 2165 Merlini:
849 2131 1003 2165 dicimus.

56 2185 111 2230 ¹⁰)
136 2186 223 2218 Edd.
249 2185 296 2218 M.
324 2187 389 2218 hoc
414 2187 512 2227 loco,
537 2189 596 2220 cfr.
621 2199 695 2232 pag.
720 2187 788 2233 huj.
813 2198 884 2221 not.
908 2190 957 2226 4.,
994 2196 1031 2219 ut
1054 2200 1116 2219 nos

12 2243 20 2261 ι
46 2239 143 2264 textu.

60 2286 116 2330 11>
143 2287 212 2320 cfr.
238 2286 337 2318 Rom.
364 2285 441 2327 ΧΠ,
463 2288 493 2320 3.

830 2349 903 2384 19*
