1320 2444
187 78 256 113 288
459 76 636 111 Omtmms
660 87 699 111 m
720 78 783 112 ΕΡ.
808 88 855 112 An
881 79 1059 114 ROMANos

187 181 262 201 non
294 177 341 201 est
371 167 408 200 in
442 172 506 202 te.“
569 168 713 201 Intende
749 179 860 202 autem
898 170 1106 212 diligentius,
1141 173 1236 217 quod
1261 172 1305 207 ait

189 229 317 273 ‚,sed¹)
348 229 585 263 reformamini
621 231 844 264 renovatione
857 231 893 276 ²)
927 245 1040 266 sensus
1071 234 1206 267 vestri:“
1235 234 1314 278 ut'3]

189 293 345 324 ostendat
366 293 511 324 sormam
539 291 676 336 quidem
702 292 925 337 culpabilem:
953 294 1045 338 prius
1070 295 1158 328 enim
1173 294 1316 328 {ormam

188 353 338 386 malitiae
370 353 487 387 habuit
526 353 636 387 omnis
673 354 796 387 anima.
854 355 923 388 Sed
955 357 1155 389 adhortatur
1188 370 1224 389 ex
1255 357 1316 388 ho<

187 427 300 447 sermo
327 415 552 460 Apostolicus‚
577 426 614 448 ut
638 416 694 449 illa
720 414 849 461 abjecta
874 418 916 450 ad
939 418 1148 459 singularum
1162 418 1316 450 virtutum

187 476 334 519 speciem
369 478 616 518 reformemur,
654 486 685 509 et
724 477 766 509 ita
800 479 937 511 demum
978 479 1145 524 possimus
1177 480 1317 512 revelato

187 538 281 569 vultu
313 538 424 570 cordis
450 538 639 583 gloriam4)
675 539 821 572 Domini
851 541 1018 584 speculari
1050 542 1092 574 ab
1124 539 1318 586 hujusmodi

187 597 332 639 imagine
368 600 656 644 transformati.⁵)
728 601 918 644 Quomodo
957 611 1068 635 autem
1108 603 1144 635 in
1159 601 1194 647 ⁵)
1239 602 1318 635 haec

186 661 480 700 transformemur,
504 661 574 706 ipse
599 664 718 696 edocet
740 664 871 697 dicens:
896 663 1186 707 ,‚renovatione⁷)
1209 676 1320 696 sensus

185 721 316 753 vestri.“
364 721 560 756 Renovatur
584 733 694 757 autem
719 739 831 758 sensus
863 734 980 757 noster
1010 738 1072 769 per
1096 725 1250 758 exercitia
1273 738 1320 758 sa-

187 782 343 827 pientiae,
366 793 395 816 et
420 785 676 818 meditationem
701 786 794 819 verbi
820 787 902 826 Dei,
935 795 966 818 et
1001 787 1079 829 legis
1106 786 1176 832 ejus
1199 786 1320 819 intelli-

187 845 332 885 gentiam
358 846 584 889 spiritualem:
611 846 690 890 et'3)
719 857 845 892 quanto
881 848 953 892 quis
984 848 1138 893 quotidie
1170 861 1207 880 ex
1232 847 1320 880 Scri-

185 915 366 951 pturarum
390 908 526 951 proficit
549 909 711 948 lectione,
744 919 871 953 quanto
906 909 1002 942 altius
1031 909 1219 942 intellectus
1252 909 1320 953 ejus

187 968 336 1007 accedit,
364 977 456 1001 tanto
489 982 623 1013 semper
654 983 761 1003 novus
797 981 827 1003 et
858 971 1010 1015 quotidie
1034 984 1142 1003 novus
1168 971 1320 1004 efficitur.

186 1029 310 1062 Nescio
326 1029 361 1073 9)
387 1038 516 1069 autem,
547 1030 574 1063 si
597 1040 707 1075 potest
731 1032 889 1065 renovari
912 1045 1045 1072 sensus,
1061 1031 1112 1074 ¹⁰)
1149 1032 1205 1076 qui
1229 1031 1320 1076 piger

187 1100 234 1123 est
258 1103 332 1131 erga
362 1091 554 1135 Scripturas
579 1091 707 1125 divinas
728 1102 759 1125 et
773 1093 1012 1134 intelligentiae
1025 1093 1206 1138 spiritualis
1231 1106 1320 1126 exer-

187 1151 273 1192 citia,
301 1153 423 1196 quibus
447 1153 553 1198 possit
576 1167 649 1187 non
671 1155 783 1188 solum
797 1154 984 1197 intelligere
999 1168 1086 1200 quae
1100 1155 1223 1200 scripta
1236 1164 1320 1194 sunt¹

283 1321 317 1365 Ι)
341 1321 442 1353 Rom.
468 1321 545 1360 XII,
569 1322 599 1354 2.

280 1379 316 1421 2)
344 1378 399 1410 Sic
423 1377 507 1410 Msc.
533 1378 614 1420 Reg.
639 1393 732 1412 num.
759 1379 856 1413 1639.
894 1377 987 1411 Editi
1012 1391 1092 1411 vero
1119 1378 1166 1422 (ν.
1193 1391 1219 1411 c.
1247 1379 1320 1411 edd.

187 1422 267 1466 M),
293 1432 324 1455 et
351 1423 526 1455 Rabanus:
552 1424 606 1462 „in
633 1425 779 1456 novitate
802 1437 916 1457 sensus
940 1424 1070 1456 vestri.“
1108 1423 1219 1456 Ceteri
1241 1423 1320 1456 Blss.

186 1468 431 1508 „renovatione
455 1467 489 1499 in
514 1469 662 1501 novitate
685 1483 799 1502 sensus
823 1469 952 1501 vestri.“
976 1469 1015 1501 R.

280 1523 317 1567 ³)
342 1524 421 1556 Mss.
449 1524 554 1556 nostri
582 1538 709 1563 omnes,
736 1535 765 1557 et
783 1525 960 1556 Rabanus:
984 1524 1052 1562 „Ut
1077 1525 1231 1556 ostendat
1244 1524 1320 1568 quia

187 1570 335 1601 sormam
363 1569 500 1612 quidem
528 1570 733 1613 culpabilem
765 1570 858 1613 prius
892 1571 1039 1601 sormam
1067 1569 1236 1602 malitiae*
1262 1579 1320 1602 etc.

187 1614 323 1646 Rectius
356 1627 436 1646 vero
474 1614 552 1646 editi
588 1618 633 1657 (v.
672 1628 698 1646 e.
732 1616 807 1647 edd.
838 1613 907 1656 M.)
938 1623 975 1646 ut
1006 1614 1042 1646 in
1074 1623 1192 1646 nostro
1221 1623 1320 1647 textu.

189 1658 432 1691 Genebrardus
462 1672 544 1703 pro:
579 1660 840 1704 ‚‚culpabilem‚“
871 1672 1053 1704 perperam
1087 1659 1189 1692 habet
1218 1672 1320 1704 „pro-

183 1705 368 1737 babilem.“
392 1704 431 1736 R.

280 1760 317 1803 4)
342 1760 431 1792 Edd.
456 1758 613 1792 Merlini:
638 1760 783 1793 Domini
815 1760 967 1801 gloriam.

279 1816 316 1860 ⁵)
341 1816 403 1848 Ed.
428 1816 476 1849 M.
502 1815 542 1848 ll.
568 1829 766 1861 perperam:
791 1817 1035 1849 transformari.

281 1872 318 1915 0)
342 1872 430 1905 Edd.
457 1871 612 1904 Merlini:
638 1872 672 1903 in
699 1873 765 1904 hoc
791 1891 843 1911 --‚
868 1871 939 1917 ipse
964 1873 1064 1905 docet
1089 1881 1150 1905 etc.

280 1928 317 1973 ⁷)
343 1928 434 1960 Editi
459 1929 506 1971 (v.
534 1941 560 1959 c.
589 1928 662 1960 edd.
688 1927 774 1970 M.):
800 1929 854 1968 „in
877 1929 1097 1961 renovatione
1121 1940 1236 1961 sensus
1259 1941 1320 1960 no-

189 1974 278 2008 stri.“
303 1975 340 2005 R.
369 1993 406 1998 -
434 1973 503 2006 Csr.
530 1972 630 2005 Rom.
655 1972 731 2012 ΧΠ,
757 1975 786 2007 2.
813 1974 891 2006 coll.
915 1986 988 2018 pag.
1014 1973 1083 2018 huj.
1107 1982 1178 2005 not.
1203 1975 1233 2007 2.

281 2028 317 2073 8)
343 2028 433 2061 Editi
461 2029 505 2071 (v.
532 2042 558 2061 c.
585 2029 660 2061 edd.
685 2027 771 2073 M.):
797 2039 849 2069 „et
885 2040 1049 2074 quantum
1074 2029 1146 2073 quis
1170 2028 1320 2073 quotidie

191 2095 233 2101 ——
259 2075 424 2112 lectione,
455 2084 583 2117 quanto
610 2073 705 2105 altius
728 2075 914 2108 intellectus
938 2075 1083 2113 incedit,
1118 2083 1212 2106 tanto
1236 2086 1320 2106 sem-

185 2134 248 2165 per
271 2133 378 2153 novus
403 2119 505 2159 magis
530 2127 561 2151 et
583 2118 736 2162 quotidie
760 2120 883 2153 novior
907 2120 1083 2153 effichurf‘
1106 2119 1146 2151 R.

283 2176 318 2220 ⁹)
343 2175 420 2207 Mss.
457 2174 614 2218 quidam:
649 2175 793 2214 „Nescio
825 2186 935 2210 autem
967 2175 995 2210 si
1025 2174 1181 2209 renovari
1212 2180 1320 2219 potest

186 2235 284 2256 sensu
311 2220 368 2265 qui
392 2220 485 2265 piger
512 2224 578 2253 θεῖ’*
602 2229 662 2252 etc.
688 2221 726 2253 R.

264 2276 320 2321 ¹⁰)
346 2276 409 2310 Ed.
432 2275 481 2310 M.
507 2275 531 2308 Ι.
556 2277 647 2310 sola:
672 2289 780 2313 sensu·
