1320 2444
172 83 241 119 370
451 79 630 113 Omfflzms
654 87 691 113 m
714 82 775 114 Er.
800 87 848 112 An
873 78 1053 114 Rommos

175 169 425 215 ctificantur¹)
464 169 556 203 enim
595 182 659 214 per
701 169 844 202 verbum
882 168 1005 214 Dei2)
1050 178 1082 202 et
1119 169 1319 211 orationem,

174 232 255 279 quia
280 231 392 265 omnis
417 240 572 265 creatum
588 230 657 263 Dei
670 231 774 270 bona,
800 240 832 263 et
845 230 932 263 nihil
957 229 1200 276 abjiciendum,
1225 234 1319 277 quod

175 308 254 328 cum
280 293 464 336 gratiarum
490 292 625 326 actione
647 292 866 338 percipitur.“
910 291 977 325 Per
1000 292 1191 327 orationem
1207 303 1320 327 autem

174 370 248 389 non
273 354 509 402 cujuscunque
533 354 804 393 sanctificantur,
829 354 889 387 sed
914 367 1052 394 eorum,
1077 355 1135 399 qui
1159 356 1320 400 levant3)

173 431 297 462 „puras
335 429 456 450 manus
493 416 567 449 sine
606 416 655 449 ira
693 425 725 448 et
758 415 1014 460 disceptatione.
1025 420 1044 435 “
1116 416 1173 449 Vis
1209 426 1318 450 autem

172 479 444 521 magnificentius
479 479 591 512 adhuc
617 479 659 511 de
683 478 822 511 mundis
855 487 886 510 et
909 477 1105 518 immundis,
1130 478 1225 522 quod
1248 491 1320 511 non

175 542 219 574 de
261 541 487 585 corporibus,
541 541 600 574 sed
647 540 690 572 (le
728 540 847 574 animis
885 539 1041 573 dicantur
1076 549 1108 573 et
1141 539 1320 579 mentibus,

176 602 387 647 edoceri?⁴²)
413 602 504 635 Audi
537 602 641 647 ipsius
666 600 812 634 Domini
836 611 868 634 et
892 602 1075 635 Salvatoris
1107 602 1143 634 in
1168 601 1320 642 Evange-

176 665 223 698 1ἰο
249 663 451 697 sententiam
478 663 634 697 dicentis:
660 663 803 706 ‚,non⁵)
830 676 917 707 quae
942 664 1072 697 intrant
1095 663 1129 696 in
1156 677 1204 703 os,
1228 676 1320 695 com-

175 725 405 769 municantfi)
430 724 629 764 hominem,
654 725 712 757 sed
738 738 824 769 quae
850 739 885 758 ex
914 739 973 759 ore
998 726 1209 770 procedunt:
1235 738 1320 769 quo-

174 788 269 821 niam
294 788 336 819 ab
351 788 382 829 ⁷)
398 788 488 820 intus
504 787 547 819 de
570 787 674 819 corde
691 796 812 819 exeunt
827 787 1047 828 cogitationes
1062 788 1182 828 malae,
1207 786 1319 820 homi-

175 849 274 890 cidia,
298 849 510 887 adulteria,“
537 857 570 880 et
593 857 712 880 cetera.
771 847 942 891 Cogitatio
976 862 1055 891 ergo
1089 859 1137 883 est
1171 859 1203 882 et
1226 863 1320 883 mens

174 925 248 945 non
273 920 364 944 recte
387 910 543 949 sentiens,
568 922 656 953 quae
685 909 811 954 polluit
835 910 1029 951 hominem,
1064 925 1137 944 non
1163 912 1320 944 ciborum

177 973 330 1018 qualitas,
356 984 461 1015 quae,
499 969 733 1017 cujuscunque
765 972 863 1004 modi
893 973 1005 1012 fuerit,
1029 973 1105 1016 pari
1131 973 1320 1017 eodemque

176 1035 264 1068 exitu
289 1047 389 1067 usum
420 1032 652 1077 corruptionis
686 1033 888 1077 explebit.⁸)
937 1033 981 1066 Et
1010 1033 1097 1067 nihil
1121 1034 1265 1074 mirum,
1295 1034 1320 1068 si

175 1106 309 1132 sanctus
336 1096 470 1135 cibum,
505 1108 607 1139 quem
638 1094 759 1135 sumit,
785 1096 892 1127 verbo
918 1095 984 1128 Dei
1009 1106 1041 1128 et
1065 1095 1221 1130 oratione
1244 1109 1320 1129 san-

177 1159 312 1198 ctificat,
337 1171 416 1191 cum
441 1157 541 1189 etiam
565 1158 658 1201 ipsa,
694 1156 817 1201 quibus
841 1158 1012 1197 induitur,
1036 1167 1151 1191 sancta
1177 1157 1243 1191 sint
1265 1170 1320 1189 ve-

175 1220 342 1255 stimenta.
391 1219 588 1264 Sudaria9)
614 1218 762 1263 denique
782 1218 878 1252 Pauli
903 1229 935 1252 et
958 1219 1165 1253 semicinctia
1187 1228 1320 1252 tantum

176 1296 215 1316 ex
240 1283 342 1328 ipsius
366 1281 514 1326 puritate
536 1281 811 1315 sanctificationis
836 1291 1048 1326 acceperant,
1071 1290 1108 1314 ut
1133 1281 1236 1324 aegris
1261 1282 1320 1314 ad—

175 1345 282 1378 hibita
300 1344 505 1389 corporibus
520 1343 578 1388 ¹⁰)
601 1344 756 1385 fugarent
769 1344 921 1385 morbos,
946 1354 978 1377 et
993 1344 1176 1378 redderent
1197 1343 1320 1377 sanita-

272 1496 307 1539 Ι)
331 1495 347 1527 1
373 1494 463 1526 Tim.
488 1493 545 1533 lv,
569 1494 599 1527 5.
623 1493 654 1526 4.

198 1602 230 1634 D
269 1556 307 1601 ²)
333 1555 582 1632 gesiderantur
620 1555 658 1588 in
696 1564 791 1588 antea
831 1555 926 1589 editis
963 1556 1010 1600 (V.
1049 1569 1078 1589 c.
1116 1557 1193 1590 edd.
1234 1556 1317 1601 M.):

178 1628 197 1643 ,‚
237 1601 297 1636 ei.“
372 1627 378 1633 .

271 1662 309 1707 ³)
335 1662 405 1695 Csr.
430 1662 445 1693 I
471 1662 624 1695 Timoth.
648 1661 691 1702 Π,
712 1661 744 1696 8.

271 1724 308 1768 ⁴)
335 1723 514 1757 Omittitur
536 1723 715 1764 „edoccri“
738 1722 773 1755 in
801 1722 914 1756 editis“
939 1724 986 1768 (e.
1012 1737 1038 1755 c.
1066 1725 1142 1757 edd.
1169 1723 1254 1768 M),
1286 1732 1316 1756 et

176 1771 212 1805 in
250 1771 421 1814 plerisque
460 1769 551 1810 Mss.,
591 1770 650 1802 sed
688 1769 871 1802 restituitur
906 1781 943 1801 ex
982 1769 1066 1803 Msc.
1107 1769 1187 1811 Reg.
1223 1782 1316 1802 num.

177 1817 275 1851 1639.
318 1814 360 1847 R.

271 1876 307 1921 ⁵)
331 1876 453 1909 Matth.
478 1875 555 1916 XV,
580 1878 633 1911 11.
659 1876 711 1911 19.
738 1895 780 1901 —
803 1875 892 1909 Edd.
917 1875 1075 1910 Merlini:
1107 1890 1199 1917 „non
1230 1888 1314 1920 quae

174 1924 212 1957 in
237 1936 274 1956 os
299 1922 447 1955 intrant“
471 1931 531 1955 etc.

269 1983 307 2028 ⁶)
330 1982 422 2017 Editi
447 1982 496 2027 (v.
522 1996 550 2016 c.
579 1983 655 2015 edd.
680 1980 770 2026 ΜΛ)
794 1981 1071 2027 „coinquinant.“
1096 1983 1197 2016 Male.
1223 1983 1260 2015 R.

269 2045 304 2089 7)
329 2048 435 2080 Deest
460 2047 546 2085 ‚‚ab“
568 2044 604 2078 in
629 2045 704 2078 edd.
731 2043 780 2077 M.

266 2107 305 2152 ⁸)
330 2107 420 2141 Edd.
443 2105 603 2140 Mer-lini:
629 2105 780 2150 explevit.

268 2169 306 2214 ⁹)
331 2169 401 2202 Cfr.
425 2170 499 2201 Act.
523 2168 620 2209 XIX,
645 2169 697 2202 12.

246 2232 305 2274 ¹⁰)
329 2231 368 2263 In
400 2240 498 2263 antea
529 2230 625 2266 editis
663 2230 711 2274 (e.
746 2243 773 2264 c.
809 2231 884 2264 edd.
915 2229 986 2275 M.)
1017 2228 1305 2274 praetermittitur:

173 2276 431 2321 „eorporibus.“
455 2275 495 2310 R.
