1377 2454
378 67 730 102 COMMENTARIORUM
753 66 827 100 Lm.
855 65 931 99 VII.
1143 66 1210 101 109

77 173 142 206 quc
165 167 317 192 creatura
339 156 556 201 congemiscit
571 156 605 201 ¹)
631 165 664 189 et
679 156 851 196 condolet,
878 154 1021 188 duritiae
1033 155 1069 199 2)
1085 164 1117 188 et
1140 156 1207 189 dis-

75 220 297 255 simulationis
320 229 456 254 nostrae
481 221 602 253 damna
627 217 807 262 suspirans.
854 217 999 260 Alius³)
1029 217 1082 250 hic
1107 218 1208 251 nobis

76 281 318 327 explanationis
344 282 430 314 ordo
456 282 498 314 (le
521 279 676 325 primitiis
692 279 847 323 Spiritus,
872 278 992 311 videris
1011 279 1037 311 si
1055 281 1207 323 proban-

78 345 151 383 dus,
177 343 333 377 occurrit.
372 344 494 376 Adhuc
519 351 629 375 autem
649 341 812 373 addemus
827 348 859 372 et
882 338 1029 372 tertium.
1062 341 1158 374 Idem
1171 341 1209 385 ⁴)

73 404 144 450 ipse
162 406 346 450 Apostolus
369 404 491 437 iterum
515 403 595 436 dicit
616 403 658 435 de
678 401 832 434 Domino
851 401 932 433 Jesu
959 400 1105 442 Christo,
1131 403 1211 447 quia

75 466 117 499 sit
141 465 402 511 „primogenitus
417 466 452 510 ⁵)
468 464 576 498 omnis
598 467 802 497 creatur-205⁸
838 463 890 495 Ne
906 463 995 495 sorte
1012 476 1101 505 ergo,
1121 474 1159 496 ut
1172 465 1210 509 ⁶)

75 528 133 560 ille
157 527 444 572 „primogenitus“
472 526 593 560 dicitur
605 525 737 566 „omnis
752 529 955 564 creaturac,“
978 524 1036 557 tali
1062 527 1211 569 quadam

76 589 207 622 ratione
232 588 332 621 etiam
355 589 545 621 multorum
582 586 761 632 spirituum
784 584 952 630 primitiae
977 585 1108 619 dicatur
1132 587 1211 632 Spi-

76 651 158 683 ritus
185 659 326 683 sauctus.
382 649 432 682 Sit
445 649 480 694 ⁷)
516 658 549 682 et
580 649 641 682 iste
676 647 894 692 expositionis
925 647 1042 680 tertius
1074 650 1209 683 modus.

77 711 206 744 Probet
230 721 342 744 autem
368 710 426 755 qui
450 710 539 752 legit,
565 710 648 755 quid
672 710 798 742 horum
821 708 925 750 magis
950 708 1062 742 sensui
1086 723 1209 743 eonve-

75 772 145 805 niat
168 772 380 818 Apostolico.
428 772 465 806 Si
489 785 568 804 vero
595 772 689 816 quod
714 770 811 803 dixit:
840 769 941 814 ‚,et⁸)
966 783 1029 803 nos
1054 770 1117 815 ipsi
1139 771 1210 816 pri-

73 834 182 867 mitias
207 834 352 879 Spiritus
375 835 578 866 habentes:“
612 834 654 865 de
689 831 848 865 omnibus
874 832 1019 872 dictum,
1053 833 1111 876 qui
1135 847 1210 876 gra-

73 895 155 929 tiam
179 895 337 940 baptismi
361 895 533 929 consecuti
557 893 724 934 videntur,
748 893 906 938 accipias,
930 895 1137 938 sperandum
1164 905 1212 928 est

74 957 171 997 illud,
197 958 292 1002 quod
315 957 406 990 idem
438 956 624 1001 Apostolus
657 955 755 988 dixit:
786 956 904 999 „quod
917 955 953 999 ⁹)
985 955 1012 988 si
1043 956 1214 1001 primitiae

76 1028 221 1059 sanctae,
248 1028 280 1051 et
304 1032 428 1051 massa:
457 1027 487 1050 et
513 1017 539 1050 si
563 1017 657 1049 radix
681 1026 804 1057 sancta,
829 1025 862 1049 et
886 1017 1003 1050 rami.“
1049 1018 1155 1061 Quod
1181 1028 1214 1051 et

76 1080 103 1114 si
127 1080 171 1113 ita
197 1079 254 1119 sit,
278 1088 393 1112 tamen
421 1078 524 1124 ipsius
555 1091 700 1118 massae,
736 1077 772 1110 in
810 1090 876 1122 qua
907 1078 1040 1111 videtur
1070 1079 1213 1114 indicari

76 1141 260 1174 multitudo
293 1140 465 1181 fidelium,
506 1139 675 1184 primitiae
711 1138 897 1171 necessario
936 1139 1213 1187 videbuntur10)

75 1203 111 1236 in
126 1202 299 1247 Apostolis
317 1203 513 1235 collocatae.
557 1201 613 1235 Sic
633 1200 722 1233 enim
738 1199 899 1245 scriptum
918 1210 975 1242 est,
992 1201 1070 1246 quia
1083 1203 1139 1244 „in
1155 1204 1162 1222 ²
1176 1203 1211 1247 ¹)

169 1309 204 1352 ¹)
227 1309 290 1341 Ed.
314 1307 423 1341 Ruaei
446 1308 518 1340 sola
543 1307 608 1339 hoc
633 1306 731 1339 loco:
757 1305 952 1348 ingemiscit.

166 1366 203 1408 2)
229 1363 321 1396 Editi
355 1363 404 1408 (v,
433 1376 460 1395 c.
493 1363 543 1394 ed.
575 1362 622 1396 M.
653 1362 714 1406 I.):
739 1363 941 1403 „condolet,
979 1363 1113 1397 duritiei
1139 1365 1212 1411 (cd.

73 1410 122 1443 M.
147 1410 172 1444 I.
197 1409 379 1453 duritiae)
405 1407 678 1441 dissimulationis
703 1417 839 1440 nostrae
864 1408 988 1441 damna
1010 1410 1213 1454 suspiransf‘

72 1456 115 1488 R.
140 1474 181 1479 ——-
209 1455 274 1487 Ed.
305 1454 356 1489 M.
380 1454 429 1486 II:
462 1453 647 1493 „condolet
678 1452 831 1492 duritiae,
865 1452 1142 1489 dissimulationis
1167 1477 1208 1481 —

72 1500 274 1545 suspirans.“

168 1555 205 1599 ³)
228 1553 322 1587 Editi
346 1554 393 1598 (v.
418 1567 446 1587 c.
472 1554 523 1586 ed.
549 1553 597 1586 M.
621 1551 685 1597 I.):
720 1553 838 1593 „Alius
872 1554 924 1587 hic
950 1555 1048 1588 nobis
1075 1577 1114 1582 —
1142 1557 1210 1601 spi-

75 1601 156 1634 ritus
181 1599 322 1638 videtur,
346 1599 373 1632 si
397 1618 440 1625 —-
465 1598 620 1632 occurrit.
669 1600 791 1631 Adhuc
816 1599 1003 1632 addemus“
1040 1611 1099 1634 etc.
1126 1603 1210 1638 Msc.

75 1659 179 1679 unus:
218 1646 362 1684 „Adhuc
392 1654 505 1677 tamen
543 1644 729 1676 addemus“
766 1653 826 1676 etc.
859 1646 900 1677 R.
934 1664 974 1670 —
998 1645 1062 1679 Ed.
1087 1647 1134 1680 M.
1160 1649 1209 1681 ll:

75 1691 190 1731 „Alius
214 1690 268 1723 hic
292 1689 392 1722 nobis
417 1709 459 1714 —
476 1688 611 1733 spiritus
636 1688 784 1721 videtur:
811 1689 837 1722 si
861 1690 1060 1734 probandus
1090 1705 1210 1725 occur—-

75 1736 119 1769 rit
141 1737 262 1775 adhuc,
286 1736 471 1768 addemus“
495 1743 554 1768 etc.

168 1790 205 1835 4)
228 1791 309 1823 Mss.
333 1791 497 1835 plerique,
521 1790 607 1823 sicut
632 1798 663 1821 et
678 1788 758 1821 editi
774 1789 820 1833 (v.
839 1802 866 1822 c.
891 1791 968 1824 edd.
992 1791 1078 1834 M.):
1103 1793 1208 1833 „Item

75 1835 147 1880 ipse
170 1836 354 1880 Apostolus
379 1835 481 1868 dicit“
506 1845 577 1876 etc„
603 1844 636 1869 et
663 1834 825 1867 omittunt
848 1833 1025 1875 ,‚iterum.“
1049 1838 1090 1871 R.

167 1891 201 1934 ⁵)
230 1890 358 1925 Coloss.
383 1891 408 1931 l,
425 1893 477 1926 15.

169 1945 206 1990 ⁶)
230 1946 323 1979 Editi
347 1948 394 1991 (e.
419 1961 444 1980 c.
470 1947 547 1979 edd.
572 1945 657 1989 M.):
681 1946 762 1987 „ubi
784 1946 862 1980 ille“
884 1957 945 1981 etc.

171 2000 206 2042 ⁷)
230 2001 320 2033 Editi
344 2003 393 2047 (v.
422 2016 448 2035 c.
474 2003 550 2035 edd.
574 2003 659 2045 M.):
690 2002 762 2042 „Sit
795 2016 873 2045 ergo
907 2004 967 2036 iste
992 2004 1207 2049 expositionis

77 2046 356 2091 (Genebrardusz
380 2048 675 2092 propositionis)
699 2047 837 2080 tertius“
862 2059 922 2082 etc.
946 2049 987 2082 R.

147 2102 185 2144 ⁶)
209 2102 308 2135 Rom.
332 2103 424 2142 vm,
446 2104 499 2137 23.
595 2102 632 2146 9>
656 2103 757 2136 Rom.
782 2104 842 2144 XI,
868 2106 919 2140 16.

150 2157 206 2199 ¹⁰)
231 2156 286 2190 Sic
319 2157 398 2189 editi
430 2158 476 2202 (e.
506 2172 532 2191 c.
567 2160 643 2192 edd.
669 2159 756 2203 M),
783 2169 815 2192 et
838 2160 922 2196 Msc.
949 2174 1045 2194 unus.
1095 2161 1205 2194 Ceteri

77 2215 156 2236 vcro
181 2203 262 2235 lVIss.
289 2212 320 2234 et
346 2203 522 2236 Rabanus:
547 2204 800 2244 „videbantur.“
824 2205 863 2237 R.

149 2258 204 2302 ΙΙ)
230 2259 245 2291 1
270 2258 348 2292 eor.
374 2259 451 2300 ΧΠ,
475 2260 528 2294 28.
