<?xml version="1.0" encoding="UTF-8"?>
<!DOCTYPE html PUBLIC "-//W3C//DTD XHTML 1.0 Transitional//EN"
    "http://www.w3.org/TR/xhtml1/DTD/xhtml1-transitional.dtd">
<html xmlns="http://www.w3.org/1999/xhtml" xml:lang="en" lang="en">
 <head>
  <title>
</title>
<meta http-equiv="Content-Type" content="text/html;charset=utf-8" />
  <meta name='ocr-system' content='tesseract 3.04.00' />
  <meta name='ocr-capabilities' content='ocr_page ocr_carea ocr_par ocr_line ocrx_word'/>
</head>
<body>
  <div class='ocr_page' id='page_1' title='image "./operaomniaquaegr07orig/operaomniaquaegr07orig_0310.png"; bbox 0 0 1320 2444; ppageno 0'>
   <div class='ocr_carea' id='block_1_1' title="bbox 182 94 1055 135">
    <p class='ocr_par' dir='ltr' id='par_1_1' title="bbox 182 94 1055 135">
     <span class='ocr_line' id='line_1_1' title="bbox 182 94 1055 135; baseline -0.006 0"><span class='ocrx_word' id='word_1_1' title='bbox 182 100 251 135; x_wconf 75' lang='lat'><strong>292</strong></span> <span class='ocrx_word' id='word_1_2' title='bbox 457 95 634 130; x_wconf 71' lang='lat' dir='ltr'><strong>Omeeurs</strong></span> <span class='ocrx_word' id='word_1_3' title='bbox 658 105 695 129; x_wconf 79' lang='lat' dir='ltr'><strong>m</strong></span> <span class='ocrx_word' id='word_1_4' title='bbox 720 94 782 129; x_wconf 73' lang='lat' dir='ltr'><strong>Er.</strong></span> <span class='ocrx_word' id='word_1_5' title='bbox 803 104 850 129; x_wconf 74' lang='lat' dir='ltr'><strong>An</strong></span> <span class='ocrx_word' id='word_1_6' title='bbox 878 94 1055 130; x_wconf 63' lang='lat' dir='ltr'><strong>Romanos</strong></span> 
     </span>
    </p>
   </div>
   <div class='ocr_carea' id='block_1_2' title="bbox 186 185 1320 1582">
    <p class='ocr_par' dir='ltr' id='par_1_2' title="bbox 186 185 1320 1582">
     <span class='ocr_line' id='line_1_2' title="bbox 186 185 1313 231; baseline -0.004 -8"><span class='ocrx_word' id='word_1_7' title='bbox 186 189 372 223; x_wconf 79' lang='lat' dir='ltr'><strong>videndum</strong></span> <span class='ocrx_word' id='word_1_8' title='bbox 396 196 454 227; x_wconf 86' lang='lat' dir='ltr'><strong>est,</strong></span> <span class='ocrx_word' id='word_1_9' title='bbox 477 187 556 231; x_wconf 85' lang='lat' dir='ltr'><strong>quia</strong></span> <span class='ocrx_word' id='word_1_10' title='bbox 590 186 735 225; x_wconf 84' lang='lat' dir='ltr'><strong>Paulus,</strong></span> <span class='ocrx_word' id='word_1_11' title='bbox 772 206 812 211; x_wconf 92' lang='lat'><strong>--</strong></span> <span class='ocrx_word' id='word_1_12' title='bbox 846 185 932 219; x_wconf 89' lang='lat' dir='ltr'><strong>sicut</strong></span> <span class='ocrx_word' id='word_1_13' title='bbox 956 194 988 218; x_wconf 90' lang='lat' dir='ltr'><strong>et</strong></span> <span class='ocrx_word' id='word_1_14' title='bbox 1010 185 1046 218; x_wconf 87' lang='lat' dir='ltr'><strong>in</strong></span> <span class='ocrx_word' id='word_1_15' title='bbox 1071 185 1143 219; x_wconf 91' lang='lat' dir='ltr'><strong>aliis</strong></span> <span class='ocrx_word' id='word_1_16' title='bbox 1168 185 1248 219; x_wconf 85' lang='lat' dir='ltr'><strong>(licit</strong></span> <span class='ocrx_word' id='word_1_17' title='bbox 1271 206 1313 212; x_wconf 85' lang='lat'><strong>-—-</strong></span> 
     </span>
     <span class='ocr_line' id='line_1_3' title="bbox 187 247 1313 293; baseline -0.004 -8"><span class='ocrx_word' id='word_1_18' title='bbox 187 265 260 284; x_wconf 88' lang='lat' dir='ltr'><strong>non</strong></span> <span class='ocrx_word' id='word_1_19' title='bbox 284 251 319 284; x_wconf 91' lang='lat' dir='ltr'><strong>in</strong></span> <span class='ocrx_word' id='word_1_20' title='bbox 342 248 547 293; x_wconf 83' lang='lat' dir='ltr'><strong>suasoriis¹)</strong></span> <span class='ocrx_word' id='word_1_21' title='bbox 570 248 754 293; x_wconf 77' lang='lat' dir='ltr'>sapientiae</span> <span class='ocrx_word' id='word_1_22' title='bbox 781 247 924 281; x_wconf 86' lang='lat' dir='ltr'><strong>carnalis</strong></span> <span class='ocrx_word' id='word_1_23' title='bbox 947 247 1066 289; x_wconf 86' lang='lat' dir='ltr'><strong>verbis,</strong></span> <span class='ocrx_word' id='word_1_24' title='bbox 1090 248 1148 281; x_wconf 85' lang='lat' dir='ltr'><strong>sed</strong></span> <span class='ocrx_word' id='word_1_25' title='bbox 1165 261 1227 293; x_wconf 76' lang='lat' dir='ltr'><strong>per</strong></span> <span class='ocrx_word' id='word_1_26' title='bbox 1251 260 1313 288; x_wconf 61' lang='lat' dir='ltr'><strong>gra&lt;</strong></span> 
     </span>
     <span class='ocr_line' id='line_1_4' title="bbox 186 309 1314 357; baseline -0.004 -11"><span class='ocrx_word' id='word_1_27' title='bbox 186 316 279 352; x_wconf 81' lang='lat' dir='ltr'><strong>tiam,</strong></span> <span class='ocrx_word' id='word_1_28' title='bbox 303 325 389 357; x_wconf 89' lang='lat' dir='ltr'><strong>quae</strong></span> <span class='ocrx_word' id='word_1_29' title='bbox 412 311 476 344; x_wconf 90' lang='lat' dir='ltr'><strong>sibi</strong></span> <span class='ocrx_word' id='word_1_30' title='bbox 501 311 577 343; x_wconf 88' lang='lat' dir='ltr'><strong>data</strong></span> <span class='ocrx_word' id='word_1_31' title='bbox 604 319 659 350; x_wconf 89' lang='lat' dir='ltr'><strong>est,</strong></span> <span class='ocrx_word' id='word_1_32' title='bbox 682 309 845 354; x_wconf 87' lang='lat' dir='ltr'><strong>loquitur.</strong></span> <span class='ocrx_word' id='word_1_33' title='bbox 892 310 952 343; x_wconf 86' lang='lat' dir='ltr'><strong>Est</strong></span> <span class='ocrx_word' id='word_1_34' title='bbox 980 310 1069 343; x_wconf 85' lang='lat' dir='ltr'><strong>enim</strong></span> <span class='ocrx_word' id='word_1_35' title='bbox 1094 310 1201 342; x_wconf 83' lang='lat' dir='ltr'><strong>multa</strong></span> <span class='ocrx_word' id='word_1_36' title='bbox 1227 309 1314 342; x_wconf 82' lang='lat' dir='ltr'><strong>(lisse-</strong></span> 
     </span>
     <span class='ocr_line' id='line_1_5' title="bbox 187 370 1311 419; baseline -0.004 -12"><span class='ocrx_word' id='word_1_37' title='bbox 187 375 294 407; x_wconf 88' lang='lat' dir='ltr'><strong>rentia</strong></span> <span class='ocrx_word' id='word_1_38' title='bbox 318 388 380 419; x_wconf 88' lang='lat' dir='ltr'><strong>per</strong></span> <span class='ocrx_word' id='word_1_39' title='bbox 406 373 544 415; x_wconf 75' lang='lat' dir='ltr'>gratiam</span> <span class='ocrx_word' id='word_1_40' title='bbox 571 372 750 417; x_wconf 87' lang='lat' dir='ltr'><strong>loquentis,</strong></span> <span class='ocrx_word' id='word_1_41' title='bbox 774 381 805 404; x_wconf 89' lang='lat' dir='ltr'><strong>et</strong></span> <span class='ocrx_word' id='word_1_42' title='bbox 828 384 890 416; x_wconf 84' lang='lat' dir='ltr'><strong>per</strong></span> <span class='ocrx_word' id='word_1_43' title='bbox 903 371 1089 403; x_wconf 82' lang='lat' dir='ltr'>humanam</span> <span class='ocrx_word' id='word_1_44' title='bbox 1114 370 1311 416; x_wconf 74' lang='lat' dir='ltr'><strong>sapientiam</strong></span> 
     </span>
     <span class='ocr_line' id='line_1_6' title="bbox 186 433 1314 480; baseline -0.003 -12"><span class='ocrx_word' id='word_1_45' title='bbox 186 436 346 480; x_wconf 85' lang='lat' dir='ltr'><strong>Denique</strong></span> <span class='ocrx_word' id='word_1_46' title='bbox 370 445 399 468; x_wconf 87' lang='lat' dir='ltr'><strong>et</strong></span> <span class='ocrx_word' id='word_1_47' title='bbox 411 434 448 477; x_wconf 81' lang='lat'><strong>²)</strong></span> <span class='ocrx_word' id='word_1_48' title='bbox 482 436 581 468; x_wconf 88' lang='lat' dir='ltr'><strong>rebus</strong></span> <span class='ocrx_word' id='word_1_49' title='bbox 607 434 686 479; x_wconf 87' lang='lat' dir='ltr'><strong>ipsis</strong></span> <span class='ocrx_word' id='word_1_50' title='bbox 709 446 810 478; x_wconf 81' lang='lat' dir='ltr'>saepe</span> <span class='ocrx_word' id='word_1_51' title='bbox 834 441 1050 477; x_wconf 87' lang='lat' dir='ltr'><strong>compertum</strong></span> <span class='ocrx_word' id='word_1_52' title='bbox 1076 441 1138 471; x_wconf 86' lang='lat' dir='ltr'><strong>est,</strong></span> <span class='ocrx_word' id='word_1_53' title='bbox 1169 433 1314 465; x_wconf 89' lang='lat' dir='ltr'><strong>nonnul-</strong></span> 
     </span>
     <span class='ocr_line' id='line_1_7' title="bbox 187 494 1312 541; baseline -0.004 -11"><span class='ocrx_word' id='word_1_54' title='bbox 187 499 239 531; x_wconf 89' lang='lat' dir='ltr'><strong>los</strong></span> <span class='ocrx_word' id='word_1_55' title='bbox 258 498 454 541; x_wconf 78' lang='lat' dir='ltr'><strong>eloquentes</strong></span> <span class='ocrx_word' id='word_1_56' title='bbox 479 505 510 528; x_wconf 89' lang='lat' dir='ltr'><strong>et</strong></span> <span class='ocrx_word' id='word_1_57' title='bbox 535 495 684 528; x_wconf 88' lang='lat' dir='ltr'><strong>eruditos</strong></span> <span class='ocrx_word' id='word_1_58' title='bbox 715 495 804 528; x_wconf 81' lang='lat' dir='ltr'><strong>viros</strong></span> <span class='ocrx_word' id='word_1_59' title='bbox 839 508 912 527; x_wconf 90' lang='lat' dir='ltr'><strong>non</strong></span> <span class='ocrx_word' id='word_1_60' title='bbox 943 495 1055 527; x_wconf 86' lang='lat' dir='ltr'><strong>solum</strong></span> <span class='ocrx_word' id='word_1_61' title='bbox 1087 494 1122 526; x_wconf 90' lang='lat' dir='ltr'><strong>in</strong></span> <span class='ocrx_word' id='word_1_62' title='bbox 1155 506 1312 526; x_wconf 85' lang='lat' dir='ltr'><strong>sermone</strong></span> 
     </span>
     <span class='ocr_line' id='line_1_8' title="bbox 186 554 1316 601; baseline -0.005 -9"><span class='ocrx_word' id='word_1_63' title='bbox 186 560 245 593; x_wconf 85' lang='lat' dir='ltr'><strong>sed</strong></span> <span class='ocrx_word' id='word_1_64' title='bbox 271 569 303 591; x_wconf 88' lang='lat' dir='ltr'><strong>et</strong></span> <span class='ocrx_word' id='word_1_65' title='bbox 339 558 374 590; x_wconf 88' lang='lat' dir='ltr'><strong>in</strong></span> <span class='ocrx_word' id='word_1_66' title='bbox 401 557 553 591; x_wconf 73' lang='lat' dir='ltr'><strong>sensibus</strong></span> <span class='ocrx_word' id='word_1_67' title='bbox 589 565 845 601; x_wconf 80' lang='lat' dir='ltr'><strong>praepotentes,</strong></span> <span class='ocrx_word' id='word_1_68' title='bbox 877 569 954 588; x_wconf 91' lang='lat' dir='ltr'><strong>cum</strong></span> <span class='ocrx_word' id='word_1_69' title='bbox 988 556 1095 588; x_wconf 91' lang='lat' dir='ltr'><strong>multa</strong></span> <span class='ocrx_word' id='word_1_70' title='bbox 1119 555 1155 588; x_wconf 84' lang='lat' dir='ltr'><strong>in</strong></span> <span class='ocrx_word' id='word_1_71' title='bbox 1181 554 1316 588; x_wconf 87' lang='lat' dir='ltr'><strong>ecclesii:</strong></span> 
     </span>
     <span class='ocr_line' id='line_1_9' title="bbox 188 615 1317 663; baseline -0.004 -10"><span class='ocrx_word' id='word_1_72' title='bbox 188 620 343 659; x_wconf 78' lang='lat' dir='ltr'><strong>dixerint,</strong></span> <span class='ocrx_word' id='word_1_73' title='bbox 369 630 397 652; x_wconf 86' lang='lat' dir='ltr'><strong>et</strong></span> <span class='ocrx_word' id='word_1_74' title='bbox 422 619 591 660; x_wconf 84' lang='lat' dir='ltr'><strong>ingentem</strong></span> <span class='ocrx_word' id='word_1_75' title='bbox 616 619 773 663; x_wconf 82' lang='lat' dir='ltr'><strong>plausum</strong></span> <span class='ocrx_word' id='word_1_76' title='bbox 797 618 906 650; x_wconf 86' lang='lat' dir='ltr'><strong>laudis</strong></span> <span class='ocrx_word' id='word_1_77' title='bbox 926 617 1129 662; x_wconf 86' lang='lat' dir='ltr'><strong>acceperint,</strong></span> <span class='ocrx_word' id='word_1_78' title='bbox 1151 615 1317 649; x_wconf 70' lang='lat' dir='ltr'><strong>neminen</strong></span> 
     </span>
     <span class='ocr_line' id='line_1_10' title="bbox 187 677 1318 724; baseline -0.005 -9"><span class='ocrx_word' id='word_1_79' title='bbox 187 692 300 715; x_wconf 88' lang='lat' dir='ltr'><strong>tamen</strong></span> <span class='ocrx_word' id='word_1_80' title='bbox 324 683 517 715; x_wconf 85' lang='lat' dir='ltr'><strong>auditorum</strong></span> <span class='ocrx_word' id='word_1_81' title='bbox 543 694 579 713; x_wconf 85' lang='lat' dir='ltr'><strong>ex</strong></span> <span class='ocrx_word' id='word_1_82' title='bbox 604 680 664 719; x_wconf 87' lang='lat' dir='ltr'><strong>his,</strong></span> <span class='ocrx_word' id='word_1_83' title='bbox 690 693 776 724; x_wconf 78' lang='lat' dir='ltr'><strong>quae</strong></span> <span class='ocrx_word' id='word_1_84' title='bbox 801 679 889 712; x_wconf 85' lang='lat' dir='ltr'><strong>dicta</strong></span> <span class='ocrx_word' id='word_1_85' title='bbox 908 688 995 718; x_wconf 88' lang='lat' dir='ltr'><strong>sunt,</strong></span> <span class='ocrx_word' id='word_1_86' title='bbox 1021 677 1318 722; x_wconf 81' lang='lat' dir='ltr'><strong>compunctionem</strong></span> 
     </span>
     <span class='ocr_line' id='line_1_11' title="bbox 188 740 1318 787; baseline -0.006 -10"><span class='ocrx_word' id='word_1_87' title='bbox 188 744 301 777; x_wconf 85' lang='lat' dir='ltr'><strong>cordis</strong></span> <span class='ocrx_word' id='word_1_88' title='bbox 326 744 491 787; x_wconf 86' lang='lat' dir='ltr'><strong>accipere,</strong></span> <span class='ocrx_word' id='word_1_89' title='bbox 515 755 577 774; x_wconf 86' lang='lat' dir='ltr'><strong>nec</strong></span> <span class='ocrx_word' id='word_1_90' title='bbox 603 743 772 785; x_wconf 74' lang='lat' dir='ltr'><strong>proficere</strong></span> <span class='ocrx_word' id='word_1_91' title='bbox 797 741 840 772; x_wconf 86' lang='lat' dir='ltr'><strong>ad</strong></span> <span class='ocrx_word' id='word_1_92' title='bbox 865 740 988 779; x_wconf 82' lang='lat' dir='ltr'><strong>fidem,</strong></span> <span class='ocrx_word' id='word_1_93' title='bbox 1010 752 1074 772; x_wconf 88' lang='lat' dir='ltr'><strong>nec</strong></span> <span class='ocrx_word' id='word_1_94' title='bbox 1100 741 1142 772; x_wconf 87' lang='lat' dir='ltr'><strong>ad</strong></span> <span class='ocrx_word' id='word_1_95' title='bbox 1166 740 1318 772; x_wconf 70' lang='lat' dir='ltr'><strong>timorem</strong></span> 
     </span>
     <span class='ocr_line' id='line_1_12' title="bbox 187 800 1319 846; baseline -0.004 -9"><span class='ocrx_word' id='word_1_96' title='bbox 187 804 255 837; x_wconf 84' lang='lat' dir='ltr'><strong>Dei</strong></span> <span class='ocrx_word' id='word_1_97' title='bbox 279 819 317 838; x_wconf 84' lang='lat' dir='ltr'><strong>ex</strong></span> <span class='ocrx_word' id='word_1_98' title='bbox 341 802 580 837; x_wconf 79' lang='lat' dir='ltr'><strong>recordatione</strong></span> <span class='ocrx_word' id='word_1_99' title='bbox 606 816 736 841; x_wconf 87' lang='lat' dir='ltr'><strong>eorum,</strong></span> <span class='ocrx_word' id='word_1_100' title='bbox 761 813 846 846; x_wconf 87' lang='lat' dir='ltr'><strong>quae</strong></span> <span class='ocrx_word' id='word_1_101' title='bbox 872 802 959 834; x_wconf 83' lang='lat' dir='ltr'><strong>dicta</strong></span> <span class='ocrx_word' id='word_1_102' title='bbox 984 810 1071 841; x_wconf 84' lang='lat' dir='ltr'><strong>sunt,</strong></span> <span class='ocrx_word' id='word_1_103' title='bbox 1093 800 1242 834; x_wconf 84' lang='lat' dir='ltr'><strong>incitari:</strong></span> <span class='ocrx_word' id='word_1_104' title='bbox 1267 801 1319 833; x_wconf 71' lang='lat' dir='ltr'><strong>sed</strong></span> 
     </span>
     <span class='ocr_line' id='line_1_13' title="bbox 187 861 1320 909; baseline -0.004 -10"><span class='ocrx_word' id='word_1_105' title='bbox 187 866 347 899; x_wconf 82' lang='lat' dir='ltr'><strong>suavitate</strong></span> <span class='ocrx_word' id='word_1_106' title='bbox 372 866 519 909; x_wconf 85' lang='lat' dir='ltr'><strong>quadam</strong></span> <span class='ocrx_word' id='word_1_107' title='bbox 545 874 577 897; x_wconf 79' lang='lat' dir='ltr'><strong>et</strong></span> <span class='ocrx_word' id='word_1_108' title='bbox 601 863 824 897; x_wconf 78' lang='lat' dir='ltr'><strong>delectatione</strong></span> <span class='ocrx_word' id='word_1_109' title='bbox 847 864 919 896; x_wconf 85' lang='lat' dir='ltr'><strong>sola</strong></span> <span class='ocrx_word' id='word_1_110' title='bbox 945 863 1082 895; x_wconf 84' lang='lat' dir='ltr'><strong>auribus</strong></span> <span class='ocrx_word' id='word_1_111' title='bbox 1096 871 1194 906; x_wconf 85' lang='lat' dir='ltr'><strong>capta</strong></span> <span class='ocrx_word' id='word_1_112' title='bbox 1220 861 1320 895; x_wconf 88' lang='lat' dir='ltr'><strong>disce·</strong></span> 
     </span>
     <span class='ocr_line' id='line_1_14' title="bbox 189 923 1320 971; baseline -0.005 -10"><span class='ocrx_word' id='word_1_113' title='bbox 189 928 340 971; x_wconf 73' lang='lat' dir='ltr'><strong>ditur23)</strong></span> <span class='ocrx_word' id='word_1_114' title='bbox 362 939 463 970; x_wconf 84' lang='lat' dir='ltr'><strong>saepe</strong></span> <span class='ocrx_word' id='word_1_115' title='bbox 487 934 599 957; x_wconf 88' lang='lat' dir='ltr'><strong>autem</strong></span> <span class='ocrx_word' id='word_1_116' title='bbox 623 926 712 958; x_wconf 84' lang='lat' dir='ltr'><strong>viros</strong></span> <span class='ocrx_word' id='word_1_117' title='bbox 736 938 808 957; x_wconf 91' lang='lat' dir='ltr'><strong>non</strong></span> <span class='ocrx_word' id='word_1_118' title='bbox 833 937 975 966; x_wconf 85' lang='lat' dir='ltr'><strong>magnae</strong></span> <span class='ocrx_word' id='word_1_119' title='bbox 1000 923 1231 967; x_wconf 77' lang='lat' dir='ltr'><strong>eloquentiae,</strong></span> <span class='ocrx_word' id='word_1_120' title='bbox 1261 937 1320 956; x_wconf 80' lang='lat' dir='ltr'><strong>nec</strong></span> 
     </span>
     <span class='ocr_line' id='line_1_15' title="bbox 190 984 1320 1033; baseline -0.004 -11"><span class='ocrx_word' id='word_1_121' title='bbox 190 988 434 1033; x_wconf 83' lang='lat' dir='ltr'><strong>compositioni</strong></span> <span class='ocrx_word' id='word_1_122' title='bbox 457 987 623 1019; x_wconf 79' lang='lat' dir='ltr'><strong>sermonis</strong></span> <span class='ocrx_word' id='word_1_123' title='bbox 650 987 831 1024; x_wconf 82' lang='lat' dir='ltr'><strong>studentes,</strong></span> <span class='ocrx_word' id='word_1_124' title='bbox 854 985 963 1017; x_wconf 86' lang='lat' dir='ltr'><strong>verbis</strong></span> <span class='ocrx_word' id='word_1_125' title='bbox 980 984 1191 1028; x_wconf 76' lang='lat' dir='ltr'><strong>simplicibus</strong></span> <span class='ocrx_word' id='word_1_126' title='bbox 1216 993 1248 1017; x_wconf 88' lang='lat' dir='ltr'><strong>et</strong></span> <span class='ocrx_word' id='word_1_127' title='bbox 1271 984 1320 1018; x_wconf 78' lang='lat' dir='ltr'><strong>in-</strong></span> 
     </span>
     <span class='ocr_line' id='line_1_16' title="bbox 190 1047 1320 1094; baseline -0.004 -12"><span class='ocrx_word' id='word_1_128' title='bbox 190 1048 387 1094; x_wconf 82' lang='lat' dir='ltr'><strong>compositis</strong></span> <span class='ocrx_word' id='word_1_129' title='bbox 412 1049 537 1080; x_wconf 84' lang='lat' dir='ltr'><strong>multos</strong></span> <span class='ocrx_word' id='word_1_130' title='bbox 561 1047 750 1080; x_wconf 77' lang='lat' dir='ltr'><strong>infidelium</strong></span> <span class='ocrx_word' id='word_1_131' title='bbox 783 1048 827 1079; x_wconf 86' lang='lat' dir='ltr'><strong>ad</strong></span> <span class='ocrx_word' id='word_1_132' title='bbox 851 1047 953 1079; x_wconf 80' lang='lat' dir='ltr'><strong>fidem</strong></span> <span class='ocrx_word' id='word_1_133' title='bbox 979 1055 1184 1085; x_wconf 87' lang='lat' dir='ltr'><strong>convertere,</strong></span> <span class='ocrx_word' id='word_1_134' title='bbox 1207 1059 1320 1091; x_wconf 83' lang='lat' dir='ltr'><strong>super-</strong></span> 
     </span>
     <span class='ocr_line' id='line_1_17' title="bbox 188 1107 1320 1152; baseline -0.004 -7"><span class='ocrx_word' id='word_1_135' title='bbox 188 1113 251 1145; x_wconf 91' lang='lat' dir='ltr'><strong>bos</strong></span> <span class='ocrx_word' id='word_1_136' title='bbox 275 1111 439 1144; x_wconf 85' lang='lat' dir='ltr'><strong>inclinare</strong></span> <span class='ocrx_word' id='word_1_137' title='bbox 464 1110 506 1141; x_wconf 85' lang='lat' dir='ltr'><strong>ad</strong></span> <span class='ocrx_word' id='word_1_138' title='bbox 530 1109 770 1147; x_wconf 82' lang='lat' dir='ltr'><strong>humilitatem,</strong></span> <span class='ocrx_word' id='word_1_139' title='bbox 796 1107 1018 1152; x_wconf 84' lang='lat' dir='ltr'><strong>peccantibus</strong></span> <span class='ocrx_word' id='word_1_140' title='bbox 1041 1107 1215 1140; x_wconf 88' lang='lat' dir='ltr'><strong>stimulum</strong></span> <span class='ocrx_word' id='word_1_141' title='bbox 1241 1121 1320 1141; x_wconf 91' lang='lat' dir='ltr'><strong>con-</strong></span> 
     </span>
     <span class='ocr_line' id='line_1_18' title="bbox 188 1167 1320 1213; baseline -0.004 -7"><span class='ocrx_word' id='word_1_142' title='bbox 188 1172 350 1206; x_wconf 84' lang='lat' dir='ltr'><strong>versionis</strong></span> <span class='ocrx_word' id='word_1_143' title='bbox 374 1172 522 1212; x_wconf 80' lang='lat' dir='ltr'><strong>infigere.</strong></span> <span class='ocrx_word' id='word_1_144' title='bbox 569 1170 612 1202; x_wconf 90' lang='lat' dir='ltr'><strong>Et</strong></span> <span class='ocrx_word' id='word_1_145' title='bbox 645 1171 711 1203; x_wconf 88' lang='lat' dir='ltr'><strong>hoc</strong></span> <span class='ocrx_word' id='word_1_146' title='bbox 742 1169 860 1213; x_wconf 87' lang='lat' dir='ltr'><strong>utique</strong></span> <span class='ocrx_word' id='word_1_147' title='bbox 887 1168 1020 1210; x_wconf 80' lang='lat' dir='ltr'><strong>signum</strong></span> <span class='ocrx_word' id='word_1_148' title='bbox 1034 1167 1070 1212; x_wconf 73' lang='lat'><strong>⁴)</strong></span> <span class='ocrx_word' id='word_1_149' title='bbox 1097 1178 1154 1209; x_wconf 85' lang='lat' dir='ltr'><strong>est,</strong></span> <span class='ocrx_word' id='word_1_150' title='bbox 1179 1169 1266 1202; x_wconf 88' lang='lat' dir='ltr'><strong>sicut</strong></span> <span class='ocrx_word' id='word_1_151' title='bbox 1288 1169 1320 1202; x_wconf 88' lang='lat' dir='ltr'><strong>in</strong></span> 
     </span>
     <span class='ocr_line' id='line_1_19' title="bbox 187 1229 1320 1280; baseline -0.005 -12"><span class='ocrx_word' id='word_1_152' title='bbox 187 1233 355 1280; x_wconf 85' lang='lat' dir='ltr'><strong>praesenti</strong></span> <span class='ocrx_word' id='word_1_153' title='bbox 384 1233 570 1277; x_wconf 84' lang='lat' dir='ltr'><strong>Apostolus</strong></span> <span class='ocrx_word' id='word_1_154' title='bbox 595 1231 732 1276; x_wconf 80' lang='lat' dir='ltr'><strong>dicit‚⁵)</strong></span> <span class='ocrx_word' id='word_1_155' title='bbox 756 1244 819 1275; x_wconf 87' lang='lat' dir='ltr'><strong>per</strong></span> <span class='ocrx_word' id='word_1_156' title='bbox 843 1229 980 1271; x_wconf 84' lang='lat' dir='ltr'><strong>gratiam</strong></span> <span class='ocrx_word' id='word_1_157' title='bbox 1005 1230 1112 1275; x_wconf 87' lang='lat' dir='ltr'><strong>loqui,</strong></span> <span class='ocrx_word' id='word_1_158' title='bbox 1136 1244 1222 1275; x_wconf 84' lang='lat' dir='ltr'><strong>quae</strong></span> <span class='ocrx_word' id='word_1_159' title='bbox 1247 1232 1320 1263; x_wconf 79' lang='lat' dir='ltr'><strong>data</strong></span> 
     </span>
     <span class='ocr_line' id='line_1_20' title="bbox 190 1291 1320 1337; baseline -0.004 -8"><span class='ocrx_word' id='word_1_160' title='bbox 190 1305 238 1330; x_wconf 86' lang='lat' dir='ltr'><strong>est</strong></span> <span class='ocrx_word' id='word_1_161' title='bbox 266 1295 315 1328; x_wconf 87' lang='lat' dir='ltr'><strong>iis.</strong></span> <span class='ocrx_word' id='word_1_162' title='bbox 361 1294 434 1335; x_wconf 82' lang='lat' dir='ltr'><strong>Ego</strong></span> <span class='ocrx_word' id='word_1_163' title='bbox 462 1302 571 1326; x_wconf 73' lang='lat' dir='ltr'><strong>autem</strong></span> <span class='ocrx_word' id='word_1_164' title='bbox 597 1303 694 1337; x_wconf 87' lang='lat' dir='ltr'><strong>puto,</strong></span> <span class='ocrx_word' id='word_1_165' title='bbox 718 1306 790 1325; x_wconf 88' lang='lat' dir='ltr'><strong>non</strong></span> <span class='ocrx_word' id='word_1_166' title='bbox 813 1293 925 1325; x_wconf 89' lang='lat' dir='ltr'><strong>solum</strong></span> <span class='ocrx_word' id='word_1_167' title='bbox 950 1291 986 1324; x_wconf 77' lang='lat' dir='ltr'><strong>in</strong></span> <span class='ocrx_word' id='word_1_168' title='bbox 1009 1293 1113 1324; x_wconf 90' lang='lat' dir='ltr'><strong>verbo</strong></span> <span class='ocrx_word' id='word_1_169' title='bbox 1133 1292 1199 1325; x_wconf 89' lang='lat' dir='ltr'><strong>Dei</strong></span> <span class='ocrx_word' id='word_1_170' title='bbox 1216 1293 1320 1325; x_wconf 87' lang='lat' dir='ltr'><strong>eccle-</strong></span> 
     </span>
     <span class='ocr_line' id='line_1_21' title="bbox 187 1354 1320 1398; baseline -0.004 -8"><span class='ocrx_word' id='word_1_171' title='bbox 187 1357 271 1391; x_wconf 88' lang='lat' dir='ltr'><strong>siam</strong></span> <span class='ocrx_word' id='word_1_172' title='bbox 297 1355 501 1389; x_wconf 85' lang='lat' dir='ltr'><strong>docentibus</strong></span> <span class='ocrx_word' id='word_1_173' title='bbox 527 1355 641 1386; x_wconf 81' lang='lat' dir='ltr'><strong>adesse</strong></span> <span class='ocrx_word' id='word_1_174' title='bbox 663 1354 813 1394; x_wconf 78' lang='lat' dir='ltr'><strong>gratiam,</strong></span> <span class='ocrx_word' id='word_1_175' title='bbox 837 1354 863 1387; x_wconf 90' lang='lat' dir='ltr'><strong>si</strong></span> <span class='ocrx_word' id='word_1_176' title='bbox 886 1354 960 1386; x_wconf 82' lang='lat' dir='ltr'><strong>talis</strong></span> <span class='ocrx_word' id='word_1_177' title='bbox 983 1355 1024 1387; x_wconf 83' lang='lat' dir='ltr'><strong>sit</strong></span> <span class='ocrx_word' id='word_1_178' title='bbox 1040 1367 1164 1394; x_wconf 85' lang='lat' dir='ltr'><strong>sermo,</strong></span> <span class='ocrx_word' id='word_1_179' title='bbox 1189 1355 1320 1398; x_wconf 84' lang='lat' dir='ltr'><strong>qualem</strong></span> 
     </span>
     <span class='ocr_line' id='line_1_22' title="bbox 188 1415 1320 1463; baseline -0.004 -11"><span class='ocrx_word' id='word_1_180' title='bbox 188 1432 290 1463; x_wconf 80' lang='lat' dir='ltr'><strong>supra</strong></span> <span class='ocrx_word' id='word_1_181' title='bbox 315 1417 476 1455; x_wconf 86' lang='lat' dir='ltr'><strong>diximus,</strong></span> <span class='ocrx_word' id='word_1_182' title='bbox 514 1416 571 1459; x_wconf 88' lang='lat' dir='ltr'><strong>qui</strong></span> <span class='ocrx_word' id='word_1_183' title='bbox 607 1415 798 1447; x_wconf 87' lang='lat' dir='ltr'><strong>auditorem</strong></span> <span class='ocrx_word' id='word_1_184' title='bbox 829 1428 902 1447; x_wconf 86' lang='lat' dir='ltr'><strong>non</strong></span> <span class='ocrx_word' id='word_1_185' title='bbox 926 1424 994 1447; x_wconf 87' lang='lat' dir='ltr'><strong>tam</strong></span> <span class='ocrx_word' id='word_1_186' title='bbox 1019 1416 1177 1454; x_wconf 88' lang='lat' dir='ltr'><strong>delectet,</strong></span> <span class='ocrx_word' id='word_1_187' title='bbox 1221 1428 1320 1459; x_wconf 88' lang='lat' dir='ltr'><strong>quam</strong></span> 
     </span>
     <span class='ocr_line' id='line_1_23' title="bbox 187 1476 1320 1521; baseline -0.004 -8"><span class='ocrx_word' id='word_1_188' title='bbox 187 1480 354 1517; x_wconf 85' lang='lat' dir='ltr'><strong>stimulet,</strong></span> <span class='ocrx_word' id='word_1_189' title='bbox 387 1487 419 1510; x_wconf 83' lang='lat' dir='ltr'><strong>et</strong></span> <span class='ocrx_word' id='word_1_190' title='bbox 451 1477 494 1509; x_wconf 79' lang='lat' dir='ltr'><strong>nd</strong></span> <span class='ocrx_word' id='word_1_191' title='bbox 524 1478 715 1521; x_wconf 81' lang='lat' dir='ltr'><strong>profectum</strong></span> <span class='ocrx_word' id='word_1_192' title='bbox 753 1477 900 1519; x_wconf 84' lang='lat' dir='ltr'><strong>aliquem</strong></span> <span class='ocrx_word' id='word_1_193' title='bbox 925 1476 1055 1509; x_wconf 85' lang='lat' dir='ltr'><strong>virtutis</strong></span> <span class='ocrx_word' id='word_1_194' title='bbox 1081 1477 1242 1514; x_wconf 81' lang='lat' dir='ltr'><strong>adducat;</strong></span> <span class='ocrx_word' id='word_1_195' title='bbox 1265 1476 1320 1510; x_wconf 74' lang='lat' dir='ltr'><strong>scd</strong></span> 
     </span>
     <span class='ocr_line' id='line_1_24' title="bbox 189 1537 1319 1582; baseline -0.004 -8"><span class='ocrx_word' id='word_1_196' title='bbox 189 1551 220 1574; x_wconf 87' lang='lat' dir='ltr'><strong>et</strong></span> <span class='ocrx_word' id='word_1_197' title='bbox 242 1541 277 1573; x_wconf 88' lang='lat' dir='ltr'><strong>in</strong></span> <span class='ocrx_word' id='word_1_198' title='bbox 303 1540 462 1572; x_wconf 89' lang='lat' dir='ltr'><strong>omnibus</strong></span> <span class='ocrx_word' id='word_1_199' title='bbox 487 1540 565 1577; x_wconf 84' lang='lat' dir='ltr'><strong>sere,</strong></span> <span class='ocrx_word' id='word_1_200' title='bbox 591 1550 676 1582; x_wconf 87' lang='lat' dir='ltr'><strong>quae</strong></span> <span class='ocrx_word' id='word_1_201' title='bbox 701 1546 846 1578; x_wconf 86' lang='lat' dir='ltr'><strong>aguntur</strong></span> <span class='ocrx_word' id='word_1_202' title='bbox 870 1538 905 1570; x_wconf 91' lang='lat' dir='ltr'><strong>in</strong></span> <span class='ocrx_word' id='word_1_203' title='bbox 930 1537 1014 1577; x_wconf 85' lang='lat' dir='ltr'><strong>vita,</strong></span> <span class='ocrx_word' id='word_1_204' title='bbox 1038 1538 1083 1570; x_wconf 85' lang='lat' dir='ltr'><strong>ita</strong></span> <span class='ocrx_word' id='word_1_205' title='bbox 1109 1550 1177 1571; x_wconf 89' lang='lat' dir='ltr'><strong>esse</strong></span> <span class='ocrx_word' id='word_1_206' title='bbox 1202 1539 1319 1582; x_wconf 87' lang='lat' dir='ltr'><strong>depre-</strong></span> 
     </span>
    </p>
   </div>
   <div class='ocr_carea' id='block_1_3' title="bbox 186 1598 1319 1645">
    <p class='ocr_par' dir='ltr' id='par_1_3' title="bbox 186 1598 1319 1645">
     <span class='ocr_line' id='line_1_25' title="bbox 186 1598 1319 1645; baseline -0.003 -10"><span class='ocrx_word' id='word_1_207' title='bbox 186 1600 373 1645; x_wconf 73' lang='lat' dir='ltr'><strong>hendes.⁶)</strong></span> <span class='ocrx_word' id='word_1_208' title='bbox 422 1599 530 1640; x_wconf 77' lang='lat' dir='ltr'><strong>Est7)</strong></span> <span class='ocrx_word' id='word_1_209' title='bbox 555 1600 645 1632; x_wconf 86' lang='lat' dir='ltr'><strong>enim</strong></span> <span class='ocrx_word' id='word_1_210' title='bbox 670 1598 808 1643; x_wconf 83' lang='lat' dir='ltr'><strong>aliquis,</strong></span> <span class='ocrx_word' id='word_1_211' title='bbox 843 1598 902 1643; x_wconf 85' lang='lat' dir='ltr'><strong>qui</strong></span> <span class='ocrx_word' id='word_1_212' title='bbox 935 1608 966 1631; x_wconf 89' lang='lat' dir='ltr'><strong>et</strong></span> <span class='ocrx_word' id='word_1_213' title='bbox 994 1598 1028 1631; x_wconf 89' lang='lat' dir='ltr'><strong>in</strong></span> <span class='ocrx_word' id='word_1_214' title='bbox 1061 1612 1102 1632; x_wconf 90' lang='lat' dir='ltr'><strong>eo</strong></span> <span class='ocrx_word' id='word_1_215' title='bbox 1129 1601 1224 1644; x_wconf 85' lang='lat' dir='ltr'><strong>quod</strong></span> <span class='ocrx_word' id='word_1_216' title='bbox 1249 1599 1319 1642; x_wconf 84' lang='lat' dir='ltr'><strong>agit,</strong></span> 
     </span>
    </p>
   </div>
   <div class='ocr_carea' id='block_1_4' title="bbox 278 1726 1314 1885">
    <p class='ocr_par' dir='ltr' id='par_1_4' title="bbox 278 1726 1314 1885">
     <span class='ocr_line' id='line_1_26' title="bbox 282 1726 680 1774; baseline -0.008 -12"><span class='ocrx_word' id='word_1_217' title='bbox 282 1729 316 1774; x_wconf 83' lang='lat'><strong>¹)</strong></span> <span class='ocrx_word' id='word_1_218' title='bbox 343 1728 412 1762; x_wconf 73' lang='lat' dir='ltr'><strong>Cfr.</strong></span> <span class='ocrx_word' id='word_1_219' title='bbox 437 1729 453 1760; x_wconf 92' lang='lat' dir='ltr'>I</span> <span class='ocrx_word' id='word_1_220' title='bbox 479 1728 559 1761; x_wconf 90' lang='lat' dir='ltr'><strong>Cor.</strong></span> <span class='ocrx_word' id='word_1_221' title='bbox 585 1727 626 1767; x_wconf 86' lang='lat' dir='ltr'><strong>Il,</strong></span> <span class='ocrx_word' id='word_1_222' title='bbox 650 1726 680 1761; x_wconf 84' lang='grc'><strong>4.</strong></span> 
     </span>
     <span class='ocr_line' id='line_1_27' title="bbox 280 1784 889 1829; baseline -0.005 -11"><span class='ocrx_word' id='word_1_223' title='bbox 280 1785 317 1829; x_wconf 85' lang='lat'><strong>²)</strong></span> <span class='ocrx_word' id='word_1_224' title='bbox 344 1785 432 1818; x_wconf 86' lang='lat' dir='ltr'><strong>Edd.</strong></span> <span class='ocrx_word' id='word_1_225' title='bbox 458 1784 614 1817; x_wconf 82' lang='lat' dir='ltr'><strong>Merlini:</strong></span> <span class='ocrx_word' id='word_1_226' title='bbox 640 1797 677 1816; x_wconf 84' lang='lat' dir='ltr'><strong>ex</strong></span> <span class='ocrx_word' id='word_1_227' title='bbox 702 1785 802 1816; x_wconf 86' lang='lat' dir='ltr'><strong>rebus</strong></span> <span class='ocrx_word' id='word_1_228' title='bbox 828 1792 889 1816; x_wconf 92' lang='lat' dir='ltr'><strong>etc.</strong></span> 
     </span>
     <span class='ocr_line' id='line_1_28' title="bbox 278 1836 1314 1885; baseline -0.003 -12"><span class='ocrx_word' id='word_1_229' title='bbox 278 1841 316 1885; x_wconf 80' lang='grc'><strong>3)</strong></span> <span class='ocrx_word' id='word_1_230' title='bbox 341 1840 397 1873; x_wconf 87' lang='lat' dir='ltr'><strong>Sic</strong></span> <span class='ocrx_word' id='word_1_231' title='bbox 421 1840 506 1872; x_wconf 85' lang='lat' dir='ltr'><strong>Msc.</strong></span> <span class='ocrx_word' id='word_1_232' title='bbox 531 1839 611 1880; x_wconf 82' lang='lat' dir='ltr'><strong>Reg.</strong></span> <span class='ocrx_word' id='word_1_233' title='bbox 637 1853 731 1872; x_wconf 90' lang='lat' dir='ltr'><strong>num.</strong></span> <span class='ocrx_word' id='word_1_234' title='bbox 756 1839 854 1873; x_wconf 82' lang='lat'><strong>1639.</strong></span> <span class='ocrx_word' id='word_1_235' title='bbox 879 1847 910 1871; x_wconf 89' lang='lat' dir='ltr'><strong>et</strong></span> <span class='ocrx_word' id='word_1_236' title='bbox 927 1837 1008 1871; x_wconf 87' lang='lat' dir='ltr'><strong>editi</strong></span> <span class='ocrx_word' id='word_1_237' title='bbox 1024 1838 1070 1883; x_wconf 82' lang='lat' dir='ltr'><strong>(e.</strong></span> <span class='ocrx_word' id='word_1_238' title='bbox 1093 1851 1118 1870; x_wconf 92' lang='lat' dir='ltr'><strong>c.</strong></span> <span class='ocrx_word' id='word_1_239' title='bbox 1143 1839 1219 1871; x_wconf 84' lang='lat' dir='ltr'><strong>edd.</strong></span> <span class='ocrx_word' id='word_1_240' title='bbox 1242 1836 1314 1881; x_wconf 67' lang='lat' dir='ltr'><strong>M.)</strong></span> 
     </span>
    </p>
   </div>
   <div class='ocr_carea' id='block_1_5' title="bbox 183 1883 1315 2065">
    <p class='ocr_par' dir='ltr' id='par_1_5' title="bbox 186 1883 852 1929">
     <span class='ocr_line' id='line_1_29' title="bbox 186 1883 852 1929; baseline -0.009 -8"><span class='ocrx_word' id='word_1_241' title='bbox 186 1887 267 1921; x_wconf 86' lang='lat' dir='ltr'><strong>Mss.</strong></span> <span class='ocrx_word' id='word_1_242' title='bbox 291 1898 372 1918; x_wconf 81' lang='lat' dir='ltr'><strong>vero</strong></span> <span class='ocrx_word' id='word_1_243' title='bbox 397 1885 573 1929; x_wconf 87' lang='lat' dir='ltr'><strong>plerique:</strong></span> <span class='ocrx_word' id='word_1_244' title='bbox 598 1885 787 1924; x_wconf 82' lang='lat' dir='ltr'><strong>‚,discitur.“</strong></span> <span class='ocrx_word' id='word_1_245' title='bbox 813 1883 852 1916; x_wconf 84' lang='lat' dir='ltr'><strong>R.</strong></span> 
     </span>
    </p>

    <p class='ocr_par' dir='ltr' id='par_1_6' title="bbox 183 1937 1315 2065">
     <span class='ocr_line' id='line_1_30' title="bbox 279 1937 1315 1985; baseline -0.003 -13"><span class='ocrx_word' id='word_1_246' title='bbox 279 1940 314 1985; x_wconf 78' lang='lat'><strong>⁴)</strong></span> <span class='ocrx_word' id='word_1_247' title='bbox 338 1940 417 1974; x_wconf 76' lang='lat' dir='ltr'><strong>Mss.</strong></span> <span class='ocrx_word' id='word_1_248' title='bbox 442 1941 606 1985; x_wconf 88' lang='lat' dir='ltr'><strong>plerique,</strong></span> <span class='ocrx_word' id='word_1_249' title='bbox 633 1949 665 1972; x_wconf 90' lang='lat' dir='ltr'><strong>et</strong></span> <span class='ocrx_word' id='word_1_250' title='bbox 689 1939 768 1972; x_wconf 83' lang='lat' dir='ltr'><strong>editi</strong></span> <span class='ocrx_word' id='word_1_251' title='bbox 791 1939 837 1984; x_wconf 83' lang='lat' dir='ltr'><strong>(e.</strong></span> <span class='ocrx_word' id='word_1_252' title='bbox 864 1952 889 1972; x_wconf 87' lang='lat' dir='ltr'><strong>c.</strong></span> <span class='ocrx_word' id='word_1_253' title='bbox 915 1939 991 1972; x_wconf 87' lang='lat' dir='ltr'><strong>edd.</strong></span> <span class='ocrx_word' id='word_1_254' title='bbox 1016 1938 1101 1981; x_wconf 87' lang='lat' dir='ltr'>M.):</span> <span class='ocrx_word' id='word_1_255' title='bbox 1134 1937 1237 1978; x_wconf 85' lang='lat' dir='ltr'><strong>„signi</strong></span> <span class='ocrx_word' id='word_1_256' title='bbox 1263 1945 1315 1977; x_wconf 84' lang='lat' dir='ltr'><strong>est,</strong></span> 
     </span>
     <span class='ocr_line' id='line_1_31' title="bbox 185 1982 1312 2031; baseline -0.004 -12"><span class='ocrx_word' id='word_1_257' title='bbox 185 2007 238 2027; x_wconf 92' lang='lat'><strong>—,</strong></span> <span class='ocrx_word' id='word_1_258' title='bbox 262 1999 349 2031; x_wconf 87' lang='lat' dir='ltr'><strong>quae</strong></span> <span class='ocrx_word' id='word_1_259' title='bbox 373 1987 450 2019; x_wconf 86' lang='lat' dir='ltr'><strong>data</strong></span> <span class='ocrx_word' id='word_1_260' title='bbox 474 1996 522 2019; x_wconf 90' lang='lat' dir='ltr'><strong>est</strong></span> <span class='ocrx_word' id='word_1_261' title='bbox 545 1985 606 2017; x_wconf 81' lang='lat' dir='ltr'><strong>ei.“</strong></span> <span class='ocrx_word' id='word_1_262' title='bbox 652 1985 719 2017; x_wconf 58' lang='lat' dir='ltr'><strong>Sed</strong></span> <span class='ocrx_word' id='word_1_263' title='bbox 746 1985 867 2018; x_wconf 88' lang='lat' dir='ltr'><strong>rectius</strong></span> <span class='ocrx_word' id='word_1_264' title='bbox 890 1984 975 2017; x_wconf 87' lang='lat' dir='ltr'><strong>Msc.</strong></span> <span class='ocrx_word' id='word_1_265' title='bbox 1002 1983 1081 2025; x_wconf 83' lang='lat' dir='ltr'><strong>Reg.</strong></span> <span class='ocrx_word' id='word_1_266' title='bbox 1105 1996 1199 2016; x_wconf 89' lang='lat' dir='ltr'><strong>num.</strong></span> <span class='ocrx_word' id='word_1_267' title='bbox 1222 1982 1312 2017; x_wconf 84' lang='grc'><strong>1639.</strong></span> 
     </span>
     <span class='ocr_line' id='line_1_32' title="bbox 183 2030 678 2065; baseline -0.008 0"><span class='ocrx_word' id='word_1_268' title='bbox 183 2042 221 2065; x_wconf 89' lang='lat' dir='ltr'><strong>ut</strong></span> <span class='ocrx_word' id='word_1_269' title='bbox 244 2031 280 2064; x_wconf 86' lang='lat' dir='ltr'><strong>in</strong></span> <span class='ocrx_word' id='word_1_270' title='bbox 304 2040 422 2064; x_wconf 91' lang='lat' dir='ltr'><strong>nostro</strong></span> <span class='ocrx_word' id='word_1_271' title='bbox 448 2040 545 2063; x_wconf 87' lang='lat' dir='ltr'><strong>textu.</strong></span> <span class='ocrx_word' id='word_1_272' title='bbox 571 2030 611 2062; x_wconf 87' lang='lat' dir='ltr'><strong>R.</strong></span> <span class='ocrx_word' id='word_1_273' title='bbox 636 2049 653 2055; x_wconf 90' lang='lat'><em>—</em></span> <span class='ocrx_word' id='word_1_274' title='bbox 672 2050 678 2055; x_wconf 88' lang='lat'>-</span> 
     </span>
    </p>
   </div>
   <div class='ocr_carea' id='block_1_6' title="bbox 275 2085 1137 2186">
    <p class='ocr_par' dir='ltr' id='par_1_7' title="bbox 275 2085 1137 2186">
     <span class='ocr_line' id='line_1_33' title="bbox 280 2085 598 2130; baseline -0.003 -11"><span class='ocrx_word' id='word_1_275' title='bbox 280 2086 317 2130; x_wconf 83' lang='lat'><strong>⁵)</strong></span> <span class='ocrx_word' id='word_1_276' title='bbox 342 2085 443 2119; x_wconf 84' lang='lat' dir='ltr'><strong>Rom.</strong></span> <span class='ocrx_word' id='word_1_277' title='bbox 467 2086 544 2126; x_wconf 85' lang='lat' dir='ltr'><strong>XII,</strong></span> <span class='ocrx_word' id='word_1_278' title='bbox 567 2087 598 2120; x_wconf 88' lang='lat'><strong>3.</strong></span> 
     </span>
     <span class='ocr_line' id='line_1_34' title="bbox 275 2140 1137 2186; baseline -0.003 -11"><span class='ocrx_word' id='word_1_279' title='bbox 275 2143 312 2186; x_wconf 76' lang='lat'><strong>⁵)</strong></span> <span class='ocrx_word' id='word_1_280' title='bbox 336 2142 429 2175; x_wconf 86' lang='lat' dir='ltr'><strong>Editi</strong></span> <span class='ocrx_word' id='word_1_281' title='bbox 449 2145 500 2186; x_wconf 83' lang='lat' dir='ltr'><strong>(e.</strong></span> <span class='ocrx_word' id='word_1_282' title='bbox 526 2154 552 2174; x_wconf 90' lang='lat' dir='ltr'><strong>c.</strong></span> <span class='ocrx_word' id='word_1_283' title='bbox 577 2142 652 2175; x_wconf 86' lang='lat' dir='ltr'><strong>edd.</strong></span> <span class='ocrx_word' id='word_1_284' title='bbox 678 2140 766 2184; x_wconf 32' lang='lat' dir='ltr'><strong>MA)</strong></span> <span class='ocrx_word' id='word_1_285' title='bbox 792 2141 1075 2186; x_wconf 86' lang='lat' dir='ltr'><strong>„deprehendet.“</strong></span> <span class='ocrx_word' id='word_1_286' title='bbox 1097 2140 1137 2173; x_wconf 81' lang='lat' dir='ltr'><strong>R.</strong></span> 
     </span>
    </p>
   </div>
   <div class='ocr_carea' id='block_1_7' title="bbox 179 2192 1310 2332">
    <p class='ocr_par' dir='ltr' id='par_1_8' title="bbox 179 2192 1310 2332">
     <span class='ocr_line' id='line_1_35' title="bbox 275 2192 1310 2242; baseline -0.006 -12"><span class='ocrx_word' id='word_1_287' title='bbox 275 2197 312 2239; x_wconf 88' lang='lat'><strong>⁷)</strong></span> <span class='ocrx_word' id='word_1_288' title='bbox 336 2197 428 2230; x_wconf 86' lang='lat' dir='ltr'><strong>Editi</strong></span> <span class='ocrx_word' id='word_1_289' title='bbox 452 2198 498 2242; x_wconf 83' lang='grc' dir='ltr'><strong>(ν.</strong></span> <span class='ocrx_word' id='word_1_290' title='bbox 527 2211 554 2229; x_wconf 90' lang='lat' dir='ltr'><strong>c.</strong></span> <span class='ocrx_word' id='word_1_291' title='bbox 580 2198 655 2230; x_wconf 88' lang='lat' dir='ltr'><strong>edd.</strong></span> <span class='ocrx_word' id='word_1_292' title='bbox 679 2197 759 2240; x_wconf 81' lang='grc' dir='ltr'>Μ.),</span> <span class='ocrx_word' id='word_1_293' title='bbox 785 2206 815 2229; x_wconf 86' lang='lat' dir='ltr'><strong>et</strong></span> <span class='ocrx_word' id='word_1_294' title='bbox 828 2196 906 2230; x_wconf 83' lang='lat' dir='ltr'><strong>Mss.</strong></span> <span class='ocrx_word' id='word_1_295' title='bbox 925 2197 1096 2241; x_wconf 86' lang='lat' dir='ltr'><strong>plerique:</strong></span> <span class='ocrx_word' id='word_1_296' title='bbox 1121 2195 1199 2234; x_wconf 87' lang='lat' dir='ltr'><strong>„Est</strong></span> <span class='ocrx_word' id='word_1_297' title='bbox 1223 2192 1310 2225; x_wconf 86' lang='lat' dir='ltr'><strong>enim</strong></span> 
     </span>
     <span class='ocr_line' id='line_1_36' title="bbox 182 2237 1308 2287; baseline -0.007 -10"><span class='ocrx_word' id='word_1_298' title='bbox 182 2244 239 2287; x_wconf 84' lang='lat' dir='ltr'><strong>qui</strong></span> <span class='ocrx_word' id='word_1_299' title='bbox 266 2243 361 2286; x_wconf 76' lang='lat' dir='ltr'><strong>(edd.</strong></span> <span class='ocrx_word' id='word_1_300' title='bbox 387 2242 543 2275; x_wconf 83' lang='lat' dir='ltr'><strong>Merlini:</strong></span> <span class='ocrx_word' id='word_1_301' title='bbox 577 2241 717 2287; x_wconf 79' lang='lat' dir='ltr'><strong>aliquis</strong></span> <span class='ocrx_word' id='word_1_302' title='bbox 741 2241 823 2287; x_wconf 80' lang='lat' dir='ltr'><strong>qui)</strong></span> <span class='ocrx_word' id='word_1_303' title='bbox 855 2251 886 2274; x_wconf 91' lang='lat' dir='ltr'><strong>et</strong></span> <span class='ocrx_word' id='word_1_304' title='bbox 919 2243 1012 2286; x_wconf 87' lang='lat' dir='ltr'><strong>quod</strong></span> <span class='ocrx_word' id='word_1_305' title='bbox 1046 2241 1125 2282; x_wconf 84' lang='lat' dir='ltr'><strong>agit,</strong></span> <span class='ocrx_word' id='word_1_306' title='bbox 1163 2247 1193 2270; x_wconf 91' lang='lat' dir='ltr'><strong>et</strong></span> <span class='ocrx_word' id='word_1_307' title='bbox 1218 2237 1308 2281; x_wconf 82' lang='lat' dir='ltr'><strong>quod</strong></span> 
     </span>
     <span class='ocr_line' id='line_1_37' title="bbox 179 2283 1229 2332; baseline -0.001 -10"><span class='ocrx_word' id='word_1_308' title='bbox 179 2289 360 2332; x_wconf 83' lang='lat' dir='ltr'><strong>loquitur.“</strong></span> <span class='ocrx_word' id='word_1_309' title='bbox 408 2288 476 2321; x_wconf 86' lang='lat' dir='ltr'><strong>Sed</strong></span> <span class='ocrx_word' id='word_1_310' title='bbox 501 2287 583 2321; x_wconf 73' lang='lat' dir='ltr'><strong>Msr.</strong></span> <span class='ocrx_word' id='word_1_311' title='bbox 611 2287 689 2330; x_wconf 73' lang='lat' dir='ltr'><strong>Reg.</strong></span> <span class='ocrx_word' id='word_1_312' title='bbox 714 2301 806 2322; x_wconf 88' lang='lat' dir='ltr'><strong>num.</strong></span> <span class='ocrx_word' id='word_1_313' title='bbox 833 2287 931 2326; x_wconf 83' lang='grc'><strong>1639.</strong></span> <span class='ocrx_word' id='word_1_314' title='bbox 956 2296 992 2319; x_wconf 82' lang='lat' dir='ltr'><strong>ut</strong></span> <span class='ocrx_word' id='word_1_315' title='bbox 1014 2286 1049 2319; x_wconf 83' lang='lat' dir='ltr'><strong>in</strong></span> <span class='ocrx_word' id='word_1_316' title='bbox 1074 2293 1176 2319; x_wconf 78' lang='lat' dir='ltr'><strong>textu·</strong></span> <span class='ocrx_word' id='word_1_317' title='bbox 1201 2283 1229 2315; x_wconf 78' lang='lat' dir='ltr'>R</span> 
     </span>
    </p>
   </div>
  </div>
 </body>
</html>
