1377 2454
242 81 310 116 224
511 80 687 116 Ommzms
709 92 746 115 m
769 82 831 115 Ep,
856 88 904 115 An
929 81 1108 116 ROMANos

243 170 479 204 excusantibus
512 181 545 204 et
575 172 808 212 refutantibus,
826 172 860 217 ¹)
894 173 937 205 ad
968 171 1160 205 convivium
1183 171 1268 213 regis
1291 171 1377 205 invi-

242 243 330 266 tatae
354 242 432 265 sunt
458 233 600 273 Gentes,
642 247 714 266 non
740 234 961 279 adspicientes
991 235 1034 266 ad
1059 247 1107 273 ea,
1133 246 1219 278 quae
1245 235 1376 267 dudum

243 296 336 339 de2)
360 296 425 328 hoc
450 295 609 341 mysterio
634 295 819 339 ,Ἐπῆρε-3)
844 297 946 329 audet
971 305 1002 328 et
1027 295 1147 328 dicit:“
1171 295 1374 335 ,minventus

241 371 316 390 sum
362 370 379 389 a
430 370 501 389 non
548 358 788 400 quaerentibus
834 371 905 390 me:
940 359 1054 402 palam
1095 356 1285 401 apparui4)
1324 357 1377 389 in-

240 428 291 451 ter
329 432 394 458 eos,
433 419 490 462 qui
526 431 581 450 me
627 432 697 450 non
748 418 1063 460 interrogabant.““
1124 419 1199 458 „Ad
1214 417 1248 461 ⁵)
1273 417 1373 450 Israel

241 490 353 512 autern
390 481 471 524 qnid
511 478 613 512 dicit?
668 479 757 513 Tota
795 480 849 513 die
880 481 1024 525 expandi
1056 494 1175 513 manus
1198 493 1289 512 meas
1329 480 1371 511 ad

238 544 409 585 populum
450 555 522 573 non
570 543 762 574 credentem
806 551 837 574 et
880 542 1209 575 cont1·adicentem.“
1280 540 1375 573 Sicut

237 603 273 635 in
306 602 539 647 superioribus
577 616 676 648 saepe
716 603 941 640 ostendimus,
977 604 1186 647 Apostolum
1226 602 1373 635 Paulum

237 678 329 696 nunc
372 665 414 696 de
455 663 640 705 Gentibus,
682 679 773 698 nunc
808 666 849 697 de
885 664 990 697 Israel
1021 668 1132 697 facere
1168 677 1374 703 sermonem,

237 740 300 758 nec
325 735 439 758 tamen
464 727 635 759 evidenter
660 737 690 759 et
715 729 825 772 palam
851 725 1123 759 immutationem
1139 726 1175 769 5)
1201 727 1373 759 declarare

236 801 418 832 personae:
454 788 497 821 ita
525 797 556 820 et
579 788 694 820 Esaias
719 791 752 821 in
781 789 827 821 bis
853 788 1067 821 sermonibus
1092 788 1186 827 facit,
1218 801 1303 831 quos
1330 788 1373 819 ad

237 852 432 894 exemplum
464 850 648 894 Apostolus
681 850 841 894 protulit:
875 859 905 882 et
936 850 1062 893 primas
1089 849 1225 893 quidem
1251 857 1373 892 partes,

236 913 272 945 id
298 922 361 944 est:
395 910 618 954 ‚,inventus⁷)
648 925 720 944 sum
754 925 770 943 a
796 925 866 943 non
893 911 1130 954 quaerentibus
1154 923 1226 951 me;
1256 911 1370 955 palam

235 972 380 1017 apparui
404 973 491 1005 inter
515 973 601 1012 illos,
627 973 769 1017 quinon
790 973 1045 1013 interrogabant
1059 976 1151 1004 me:“
1176 972 1247 1004 sine
1263 972 1369 1004 dubio

237 1037 280 1067 de
306 1033 473 1066 Gentibus
500 1034 596 1066 dicit:
623 1043 654 1066 et
678 1034 737 1066 ubi
761 1033 816 1066 ille
837 1047 1019 1077 personam
1046 1035 1190 1066 latenter
1204 1033 1370 1072 immutat,

236 1097 421 1140 Apostolus
447 1095 632 1127 evidentem
650 1095 908 1133 ¹distinctionem
939 1095 1153 1127 sermonibus
1185 1096 1252 1127 suis
1278 1093 1371 1126 dedit

234 1157 269 1190 in
297 1172 348 1197 eo,
375 1157 469 1201 quod
495 1156 642 1189 addidit:
674 1157 787 1200 „ad3)
812 1157 913 1189 lsrael
939 1166 1050 1189 autem
1076 1157 1156 1200 quid
1184 1154 1306 1189 dicit?“
1340 1165 1371 1187 et

234 1221 409 1264 superiora
448 1219 585 1262 quidem
616 1219 658 1250 ad
692 1217 836 1257 Gentes,
861 1218 1033 1262 sequentia
1058 1232 1138 1251 vero
1165 1217 1303 1262 exponit
1326 1218 1368 1250 ad

234 1282 335 1315 Israel
360 1294 429 1314 esse
453 1281 647 1319 reserenda,
684 1280 717 1312 in
745 1280 868 1324 quibus
893 1280 954 1312 ait:
980 1290 1070 1319 „tota
1085 1280 1120 1325 9)
1143 1280 1197 1312 die
1224 1279 1369 1324 expandi

233 1358 353 1377 manus
378 1357 468 1376 meas
495 1343 537 1374 ad
562 1342 730 1386 populum
754 1355 827 1374 non
853 1343 1046 1374 credentem
1076 1351 1107 1374 et
1131 1341 1368 1374 contradicen-

233 1411 334 1438 tem.“
368 1406 436 1438 Sed
455 1404 567 1449 primo
595 1403 748 1435 omnium
776 1404 870 1446 quod
895 1403 955 1435 ait:
980 1402 1184 1445 „Esaias¹⁰)
1210 1403 1312 1434 audet
1336 1410 1366 1434 et

328 1545 362 1588 ¹)
387 1544 451 1577 Ed.
477 1544 525 1578 M.
549 1544 601 1576 II:
627 1541 850 1575 refutantibus
875 1541 922 1573 ire
947 1541 989 1572 ad
1015 1540 1205 1573 convivium
1234 1550 1293 1573 etc.

325 1601 362 1643 2)
388 1600 477 1633 Editi
492 1600 537 1644 (e.
560 1613 585 1632 c.
608 1600 683 1631 edd.
700 1598 785 1640 M.):
811 1598 957 1637 „dehoc
979 1597 1147 1642 mysterio.
1173 1596 1286 1629 Esaias
1304 1610 1363 1629 au-

232 1658 297 1679 tem
325 1647 426 1678 audet
451 1654 482 1676 et
507 1645 603 1677 dicit:
629 1646 781 1676 inventus
812 1647 907 1673 sum“
940 1650 1001 1677 etc.
1049 1641 1118 1674 Sed
1144 1655 1261 1674 omnes
1285 1641 1364 1675 Mss.

231 1703 263 1726 et
287 1693 448 1724 ltabanus
473 1700 509 1722 ut
533 1690 565 1721 ln
586 1699 703 1722 nostro
730 1697 828 1720 textu.
855 1687 893 1719 Ρι.

324 1747 359 1790 ³)
385 1747 486 1779 Rom.
511 1746 554 1786 X,
577 1746 630 1778 20.
655 1744 730 1776 coll.
756 1744 854 1776 Jesai.
878 1743 980 1781 LXV,
1005 1743 1034 1774 1.

323 1803 360 1845 4)
385 1803 477 1835 Editi
501 1802 546 1846 (v.
563 1815 588 1835 e.
605 1801 680 1834 edd.
695 1798 782 1842 Μ,>;
807 1798 971 1843 „apparui
996 1797 1054 1836 his,
1081 1797 1138 1842 qui
1159 1802 1306 1831 mef‘etc.
1323 1798 1361 1831 R.

325 1860 360 1903 ⁵)
384 1859 486 1891 Rom.
511 1857 557 1895 X,
581 1857 635 1893 21,
661 1856 737 1888 coll.
764 1855 862 1887 Jesai.
886 1854 989 1893 LXV,
1013 1856 1043 1887 2.

324 1916 360 1959 ὅ)
385 1914 476 1946 Editi
507 1914 553 1957 (e.
580 1926 606 1945 c.
635 1913 710 1944 edd.
735 1909 819 1953 M.):
850 1909 907 1949 „in
937 1909 1160 1943 mutationem
1192 1902 1377 1942 declinare¹

228 1965 428 2007 personae.“
476 1960 544 1991 Sed
570 1971 687 1990 omnes
712 1956 790 1988 Mss.
814 1965 850 1987 ut
872 1956 907 1987 in
931 1964 1048 1987 nostro
1074 1965 1172 1987 textu.
1198 1955 1237 1986 R.

325 2016 358 2060 7)
383 2015 482 2048 Jesai.
511 2014 613 2052 LXV,
646 2014 674 2045 1.
701 2011 778 2060 col-l.
804 2010 902 2043 Rom.
928 2011 972 2049 X,
997 2011 1048 2043 20.
1073 2031 1117 2036 —-
1142 2011 1231 2043 Edd.
1256 2010 1303 2043 M.
1330 2019 1361 2042 et

229 2063 269 2096 R.
295 2063 360 2094 hoc
386 2063 475 2098 loco,
514 2062 571 2091 cfr.
597 2070 669 2102 pag.
703 2057 771 2099 hul.
805 2065 877 2088 not.
901 2057 932 2089 4.
964 2055 1131 2099 „apparui
1160 2056 1248 2088 inter
1271 2056 1359 2095 illos.

230 2107 289 2151 qui
312 2120 383 2140 non
409 2104 662 2144 interrogabant
685 2106 769 2134 me.“

322 2162 359 2206 Β)
384 2162 483 2193 Rom.
507 2161 550 2199 X,
577 2159 630 2192 21.

321 2218 358 2262 ⁹)
382 2217 482 2250 Jesai.
506 2215 610 2254 LXV,
634 2214 664 2247 2.
691 2214 767 2247 coll.
793 2213 894 2247 Rom.
921 2212 964 2252 X,
987 2212 1040 2246 21.

301 2275 308 2293 ¹
322 2275 357 2318 ο)
383 2274 484 2307 Rom.
507 2272 551 2311 X,
574 2263 627 2305 20.
