1392 2464
183 112 222 138 Vl
619 108 898 135 PROLEGOMENA.

184 190 327 237 quibus
349 190 554 237 epistolam
568 190 678 226 Pauli
701 192 750 226 ad
765 194 960 227 Romanos
977 189 1175 238 disseruit,
1200 192 1324 237 expli-

185 264 336 289 cemus:
360 252 402 287 in
424 253 564 298 quihus
578 252 645 288 ille
658 254 750 288 dum
770 257 938 289 sectatur
951 253 1130 304 qustoli
1150 265 1323 302 sensum,

184 314 227 350 in
250 319 328 350 tam
351 315 585 361 profundum
608 317 768 362 pelagus
792 315 979 361 aufertur,
995 315 1028 360 ¹)
1052 319 1095 350 ut
1114 320 1241 352 metus
1265 317 1325 351 in-

185 388 282 423 gens
307 377 359 414 sit
381 377 473 413 illuc
497 389 585 413 eum
610 377 851 424 sequenti,²)
878 388 927 412 ne
951 375 1215 422 magnitudine
1238 389 1326 414 seu-

184 450 322 483 suum,
361 441 468 475 velut
498 439 740 476 immanitate
764 438 1051 486 opprimatur³>
1075 439 1328 482 undarum.⁴)

183 503 288 536 Ttun
313 502 453 538 deinde
476 513 546 537 nec
576 502 673 537 illud
710 501 899 548 adspicis,
939 502 1040 546 quod
1073 501 1200 537 tenuis
1230 500 1328 536 mihi

185 567 246 599 est
270 564 427 610 spiritus
451 565 498 599 ad
522 564 758 611 implendam
783 562 865 607 ejus
895 567 976 598 tam
1000 562 1245 610 magnificam
1269 563 1328 598 di-

185 624 298 661 cendi
330 627 474 662 tubam.
523 627 645 672 Super
668 636 802 661 omnes
826 629 954 660 autem
977 624 1224 661 difficultates
1253 630 1327 672 est,

186 688 290 733 quod
310 686 532 734 interpolati
553 693 641 724 sunt
661 687 738 733 ipsi
762 686 863 722 libri.
902 690 1052 722 Desunt
1066 688 1101 732 ⁵)
1119 687 1221 723 enim
1243 688 1329 724 fere

182 750 287 795 apud
319 749 491 785 omnium
525 749 804 796 bibliothecas,
841 769 883 775 —-
915 748 1104 784 incertum
1135 761 1227 786 sane
1251 761 1327 795 quo

181 822 277 846 casu
300 831 358 857 —,
383 813 581 858 aliquanta
609 823 659 847 ex
687 811 772 858 ipso
801 822 958 857 corpore
994 811 1213 857 volumina3
1238 816 1277 847 et
1289 811 1326 856 ⁵)

184 873 281 908 haec
296 872 520 920 adimplere,
551 878 665 919 atque
682 873 721 908 in
746 873 881 908 Latino
903 884 1018 919 opere
1034 872 1225 920 integram
1240 884 1330 908 con-

186 934 429 979 sequentiam
445 936 551 981 dare,
578 947 654 970 non
674 941 733 971 est
750 934 828 970 mei
851 934 1012 981 ingenii,
1032 935 1117 981 sed,
1132 939 1175 970 ut
1193 940 1234 970 tu
1247 946 1328 971 cre-

186 995 265 1042 dis,
290 995 356 1040 qui
379 996 474 1032 haec
498 996 641 1043 exigis,
663 996 834 1033 muneris
866 997 1032 1033 fortasse
1056 997 1191 1033 divini.
1245 997 1329 1031 Ad-

185 1057 248 1092 dis
272 1061 422 1102 autem,
455 1068 503 1092 ne
541 1058 634 1103 quid
657 1058 856 1094 laboribus
880 1058 979 1094 meis
1005 1058 1120 1104 desit,
1145 1062 1188 1093 ut
1213 1069 1328 1093 omne

183 1118 258 1153 hoc
276 1118 545 1164 quindecim⁷)
569 1119 810 1155 voluminum
834 1131 993 1167 corpus,
1031 1121 1133 1166 quod
1161 1122 1328 1156 Graecus

186 1191 315 1217 sermo
347 1182 396 1216 ad
429 1181 683 1227 quadraginta
718 1181 801 1217 fere
835 1187 901 1217 aut
934 1193 979 1218 eo
1012 1181 1177 1228 amplius
1206 1182 1329 1216 millia

187 1293 269 1313 vero
296 1280 383 1313 Cod.
407 1281 719 1321 Vallis—Clarae,
752 1291 784 1314 et
808 1296 895 1315 unus
921 1281 1009 1315 Cod.
1034 1281 1175 1322 Regius,
1201 1281 1329 1315 habent

187 1327 360 1401 „fleeeumfi‘
391 1325 460 1358 Sed
484 1326 577 1373 juxta
603 1325 848 1360 Cassiodorum
878 1327 1060 1369 legendum
1084 1326 1233 1359 videtur:
1257 1326 1327 1367 „vi-

211 1380 279 1402 111t1.
358 1397 364 1403 .

187 1382 206 1411 g
284 1425 319 1468 ¹)
345 1425 439 1458 Libri
464 1434 561 1459 antea
588 1426 668 1460 editi
692 1427 739 1469 (v.
767 1441 793 1459 c.
819 1427 895 1460 edd.
914 1425 1001 1471 M.):
1027 1428 1219 1467 „effertur.“
1242 1427 1327 1461 Msc.

187 1484 274 1504 unus
299 1471 440 1512 Regius:
467 1472 659 1511 ‚‚asfertur.“
684 1471 788 1505 Male.
813 1472 854 1504 R.

280 1527 316 1571 ²>
341 1527 386 1559 Ita
412 1528 562 1571 potiores
586 1527 664 1561 Mss.
711 1528 803 1561 Editi
826 1540 905 1560 vero
932 1527 979 1571 (v.
1023 1542 1050 1561 c.
1082 1528 1158 1561 edd.
1190 1527 1271 1573 M),
1296 1537 1328 1561 et

185 1571 267 1605 Mss.
294 1572 449 1616 quidam:
474 1573 620 1617 ,‚sequi.“
644 1574 684 1607 R.

282 1626 319 1671 ³)
344 1628 393 1659 Ita
416 1628 568 1672 potiores
592 1629 670 1661 Blss.
696 1628 788 1661 Editi
812 1640 892 1660 vero
917 1627 964 1672 (e.
990 1641 1017 1660 c.
1043 1628 1094 1661 ed.
1118 1628 1167 1661 M.
1192 1628 1272 1670 IL),
1296 1637 1328 1661 et

186 1671 264 1705 Mss.
291 1672 450 1716 quidam:
475 1675 675 1718 „opprimar
701 1674 761 1717 (al.
781 1672 1053 1717 opprimamur)
1070 1674 1271 1706 undarum-‘⁸
1289 1674 1327 1706 R.

284 1727 320 1770 ⁴)
344 1728 393 1761 Ita
425 1728 578 1772 potiores
609 1729 688 1763 Mss.
743 1728 837 1762 Editi
871 1742 970 1767 vero,
1009 1738 1040 1761 et
1064 1728 1145 1762 Mss.
1171 1729 1327 1773 quidam:

187 1773 392 1812 „undar-um.
442 1774 578 1806 Deinde
601 1788 645 1807 ne
668 1775 753 1807 illud
777 1774 913 1818 quidem
942 1774 1107 1818 adspicis“
1131 1785 1191 1808 etc.
1218 1773 1258 1806 R.
1282 1795 1327 1804 —-

188 1817 279 1851 Edd.
303 1817 460 1851 Nlerlini:
485 1820 686 1858 „undarum
736 1820 871 1852 Deinde
895 1832 958 1852 nec
974 1819 1060 1851 illud
1077 1819 1240 1864 adspicis“
1266 1828 1326 1851 etc.

283 1873 319 1917 ⁵)
344 1874 383 1906 In
418 1875 620 1918 quibusdam
656 1875 735 1909 Mss.
768 1875 905 1916 legitur:
937 1875 1090 1915 „Desunt
1124 1874 1214 1907 enim
1253 1876 1326 1907 sere

187 1919 252 1962 (al.
275 1919 416 1963 paene)
449 1921 541 1964 apud
573 1921 727 1953 omnium
761 1921 994 1953 bibliothecas.
1047 1919 1215 1952 Incertum
1247 1932 1328 1953 sane

189 1976 259 2007 quo
286 1977 364 1997 casu
389 1965 558 2009 aliquanta
584 1979 620 1997 ex
645 1966 719 2009 ipso
747 1979 893 2010 corpore
916 1965 1090 1998 volumina
1127 1965 1327 1998 subtrahan-

187 2018 255 2047 tur,
281 2018 311 2041 et
335 2010 438 2041 haec“
463 2019 522 2041 etc.
571 2010 639 2043 Sed
671 2012 792 2043 rectius
826 2011 927 2043 ceteri
953 2010 1030 2044 Mss.
1065 2019 1097 2042 et
1120 2009 1200 2042 editi
1224 2009 1271 2054 (v.
1297 2021 1324 2041 c.

189 2054 266 2086 edd.
292 2053 361 2097 M.)
385 2064 422 2087 ut
444 2054 480 2087 in
503 2064 623 2087 nostro
646 2065 744 2088 textu.
769 2056 807 2087 R.

282 2109 318 2154 ὃ)
344 2110 383 2143 In
410 2111 611 2154 quibusdam
638 2110 717 2144 Mss.
748 2110 916 2155 (itemque
941 2111 975 2144 in
993 2112 1070 2143 edd.
1095 2108 1164 2152 M.)
1187 2107 1322 2148 legitur:

190 2164 246 2194 „et
275 2153 359 2188 haec
395 2157 583 2199 adimplere
614 2155 649 2188 in
680 2156 801 2188 Latino
835 2169 950 2199 opere,
987 2165 1017 2188 et
1046 2156 1230 2194 integram“
1261 2162 1320 2185 etc.

189 2198 259 2232 Sed
283 2199 405 2234 rectius
430 2201 528 2233 ceteri
552 2200 632 2233 Mss.
657 2211 687 2233 et
713 2200 790 2234 editi
816 2210 853 2233 ut
875 2201 911 2233 in
935 2210 1052 2234 nostro
1077 2206 1176 2230 textu.
1203 2196 1242 2229 R.

284 2254 320 2299 ⁷)
344 2255 392 2288 Ita
424 2256 503 2289 Mss.
533 2256 705 2300 plerique,
736 2265 768 2289 et
799 2256 880 2289 editi
911 2256 957 2301 (e.
989 2269 1014 2286 c.
1046 2254 1120 2286 edd.
1154 2251 1320 2296 Men-lini).

191 2297 303 2334 Ceteri
326 2313 406 2334 vero
430 2300 520 2342 Mss.,
545 2301 644 2336 alius:
668 2303 840 2342 ‚,decem‚“
864 2301 938 2335 alii:
961 2298 1202 2344 „duodecimss‘
1223 2297 1265 2330 R.
