1320 2444
349 53 703 87 communitionem
729 50 800 84 Lm.
828 51 871 83 X.
1114 50 1178 85 441

48 155 102 180 ctu
127 147 249 179 doceat
271 143 338 186 ille,
362 145 421 190 qui
446 145 564 186 docet;
586 151 700 176 utrum
724 140 864 183 gratiam
888 149 920 174 et
942 141 1112 175 honorem
1137 141 1180 173 ab

47 206 257 242 auditoribus
281 218 465 251 quaerens,
502 218 546 238 an
575 203 769 237 mercedem
799 215 817 236 a
844 202 1001 237 Domino
1032 216 1098 248 pro
1127 202 1181 235 in·

45 269 231 304 structione
255 277 287 300 et
307 252 466 311 profectu
491 263 690 300 discentium
713 277 862 309 sperans.
900 264 1078 298 Subtiliter
1100 277 1181 298 sane

46 330 172 364 Paulus
206 328 422 363 indiscretam
454 337 485 360 et
517 326 650 360 facilem
676 326 916 359 Romanorum
950 325 1181 359 obedientiam

45 400 153 432 notat,
178 403 320 435 eamque
344 389 459 424 asserit
480 389 608 433 ubique
631 401 702 420 non
726 389 908 427 laudatam,
932 388 990 420 sed
1004 389 1183 432 pervulga-

45 462 125 486 tam.
142 452 177 497 ¹)
224 452 293 486 Sed
317 465 360 484 ne
385 465 442 485 eos
467 463 612 489 rursum,
635 450 663 482 si
685 461 750 493 pro
776 449 843 482 hoc
875 448 1021 493 apertius
1044 449 1181 490 castiga-

46 523 107 555 ret,
137 513 372 547 inobedientes
405 513 567 552 efficeret,
599 510 758 554 addit12)
789 510 845 550 „in
869 510 964 544 vobis
996 522 1075 552 ergo
1100 522 1181 551 gau-

49 576 147 608 deo.“
203 575 272 608 Sed
305 575 410 608 dices:
447 573 626 619 quomodo
659 572 829 613 vulgarem
854 572 888 605 in
914 572 954 605 iis
977 580 1075 605 notat
1100 572 1184 605 obe-

48 636 227 678 dientiam,
260 650 337 670 cum
373 636 462 669 dicat
490 648 526 669 se
550 634 697 676 gaudere
725 632 761 666 in
789 632 852 667 iis?
900 633 1017 666 Primo
1043 633 1184 678 quidem

47 699 141 732 aliud
165 708 213 732 est
235 707 354 732 notare
377 698 504 737 vitium,
527 697 619 729 aliud
643 695 808 729 homines.
848 694 963 727 Potest
986 695 1076 727 enim
1099 695 1184 736 fieri,

48 768 86 792 ut
109 760 251 804 gandeat
274 760 309 792 in
334 759 393 798 his,
417 758 452 791 in
476 758 598 803 quibus
623 758 726 791 multa
749 756 813 789 alia
826 755 862 800 ³)
884 758 976 789 bona
993 757 1186 801 deprehen—

50 823 159 864 derat3
185 821 303 854 vitium
327 829 450 861 autem,
475 820 569 865 quod
595 819 625 853 ei
643 818 871 864 displicuerat,
894 827 999 857 notet,
1017 830 1061 851 ne
1083 827 1184 862 pute-

38 892 103 916 tur
128 882 158 916 ei
188 882 288 916 etiam
318 882 430 927 ipsum
463 895 541 914 cum
574 880 690 914 ceteris
712 880 887 925 placuisse.
933 880 1048 914 Potest
1071 890 1186 913 autem

50 953 83 976 et
106 958 171 988 pro
206 956 246 977 eo
279 944 398 977 dixisse
424 943 609 988 Apostolus
633 942 780 984 gaudere
801 954 836 974 se
858 941 894 973 in
918 940 975 982 iis,
1008 942 1102 986 quod
1127 941 1186 986 qui

50 1005 252 1039 inobediens
279 1015 342 1045 est,
366 1018 478 1049 neque
502 1005 544 1037 ad
569 1005 717 1044 malum,
737 1016 850 1048 neque
875 1003 918 1036 ad
942 1003 1074 1036 bonum
1097 1003 1186 1036 trahi

50 1076 180 1112 potest:
213 1068 271 1112 qui
295 1080 374 1100 vero
401 1066 563 1100 obediens
587 1074 652 1104 est,
685 1064 711 1098 si
737 1064 875 1109 quidem
900 1065 943 1098 ad
962 1064 1093 1098 inutilia
1117 1074 1186 1109 tra-,-

49 1129 161 1169 hatur,
183 1129 371 1174 imperitiae
396 1129 496 1172 culpa
519 1127 570 1161 sit.
624 1127 761 1168 Ignorat
791 1126 881 1159 enim
912 1126 1044 1159 inutilia
1068 1139 1136 1159 esse
1148 1127 1185 1171 ¹⁸)

51 1204 99 1231 ea,
125 1190 246 1236 quibus
271 1190 501 1224 obedientiam
529 1189 581 1222 sui
611 1189 767 1233 praebet:
798 1201 874 1221 cum
909 1201 989 1221 vero
1022 1187 1186 1229 didicerit,

50 1266 137 1297 quae
161 1262 240 1286 sunt
261 1252 373 1292 utilia,
406 1250 584 1294 habens⁵)
614 1259 770 1294 paratum
804 1250 1019 1283 obedientiae
1041 1251 1186 1290 bonum,

51 1314 217 1347 continuo
248 1314 311 1347 iter
340 1326 403 1357 por
433 1325 507 1346 eam
538 1312 666 1345 virtutis
701 1311 884 1345 adscendit.
947 1310 1081 1344 Gaudet
1106 1323 1186 1352 ergo

50 1375 176 1408 Paulus
199 1388 302 1419 super
327 1374 540 1415 obedientes,
565 1383 682 1413 certus,
708 1375 819 1417 quod,
843 1386 922 1405 cum
948 1373 1104 1406 docuerit
1128 1386 1186 1407 eos

49 1450 123 1470 non
147 1436 273 1478 vulgari
298 1435 510 1475 obedientia,
541 1448 643 1480 quam
667 1435 803 1468 incaute
829 1435 988 1467 omnibus
1010 1435 1187 1479 praebent,

50 1498 149 1542 utifi)
173 1499 308 1538 debere,
330 1499 389 1532 sed
419 1498 478 1531 illa
500 1499 590 1537 sola,
615 1511 681 1544 qua
705 1495 918 1539 ‚,obedire⁷)
944 1505 1082 1541 oportet
1104 1496 1184 1530 Deo

148 1646 183 1692 ¹)
206 1646 295 1679 Edd.
319 1643 477 1677 Merlini:
508 1645 825 1688 „promulgatan].“
858 1642 926 1675 Cfr.
960 1642 1061 1675 Rom.
1093 1641 1187 1683 XVI,

54 1692 105 1727 19.
134 1693 211 1724 coll.
237 1703 312 1735 pag.
336 1690 413 1723 439.
437 1698 507 1722 not.
534 1691 587 1722 10,

143 1746 182 1791 ²)
205 1747 294 1779 Edd.
319 1745 472 1779 Merlini:
496 1744 681 1785 ‚‚addidit.“
706 1763 747 1768 —
772 1744 872 1778 Rom.
897 1743 989 1782 XVI,
1013 1743 1065 1777 19.

145 1803 184 1846 ³)
208 1803 296 1837 Edd.
319 1801 476 1838 Blerlini:
502 1803 594 1834 bona
620 1800 694 1833 alia.

146 1858 184 1903 ⁴)
208 1859 274 1892 Ed.
299 1858 347 1891 M.
373 1858 413 1890 Il.
438 1870 635 1902 perperam:
662 1867 729 1889 esse
754 1869 771 1888 a
797 1855 919 1900 quibus
947 1864 1006 1888 etc.

147 1915 183 1958 ⁵)
210 1915 299 1948 Edd.
323 1913 478 1946 Merlini:
507 1914 635 1945 habens
658 1924 779 1956 parum
807 1911 1030 1950 obedientiae,
1054 1911 1186 1944 bonum

55 1961 219 1995 continuo
245 1974 307 2005 per
331 1972 403 1993 eam
428 1959 492 1992 iter
515 1957 642 1991 virtutis
667 1955 850 1990 adscendit.
915 1956 917 1959 ’

147 2016 185 2059 ⁶)
211 2015 267 2048 Sic
298 2015 380 2048 Msc.
413 2015 494 2055 Reg.
524 2028 617 2047 num.
650 2012 747 2047 1639.
803 2011 850 2045 lta
885 2012 984 2044 etiam
1011 2011 1188 2052 Rabanus;

54 2061 119 2094 nisi
143 2062 238 2105 quod
262 2060 297 2092 in
323 2060 392 2092 fine
415 2060 555 2093 habeat:
578 2060 672 2103 „ipsa
692 2058 763 2091 sola
788 2062 955 2089 utantur.“
992 2056 1084 2089 Editi
1107 2070 1187 2089 vero

55 2107 102 2150 (v.
129 2120 156 2139 c.
180 2106 255 2138 cdd.
280 2104 368 2148 M),
398 2113 430 2137 et
460 2104 539 2138 Mss.
562 2105 733 2149 plerique:
763 2102 833 2142 „uti
867 2115 924 2134 eos
956 2102 1081 2134 debere
1105 2115 1188 2146 prae

55 2152 111 2184 illa
136 2151 219 2189 sola,
244 2164 310 2194 qua
336 2169 375 2175 —
402 2149 617 2189 hominibus,
649 2158 684 2183 ut
716 2148 837 2182 relictis
871 2146 986 2181 ceteris
1018 2147 1089 2192 ipsa
1114 2147 1186 2183 lau-

56 2197 184 2230 detu1·.“
209 2196 249 2228 R.

146 2251 183 2295 ⁷)
210 2251 278 2287 Cfr.
303 2252 374 2286 Act.
401 2251 441 2291 V,
463 2251 517 2287 29.
