1392 2464
197 64 222 98 2
447 58 628 93 Omcnms
651 69 688 93 m
713 58 776 94 Er.
799 65 847 92 An
873 58 1053 93 Romans

202 163 297 195 pore.
340 148 422 181 -Hoc
438 152 507 189 est,
533 150 628 194 quod
653 158 686 182 et
711 148 792 182 alibi
817 148 916 182 dixit:
949 147 1203 194 „prudenti-1¹)
1235 147 1343 181 carnis

202 211 337 244 inimica
370 220 418 244 est
448 211 572 244 Dco:“
607 221 639 244 ct
663 211 802 244 iterum:
839 210 1042 256 „prudentia
1055 210 1093 255 ²)
1118 210 1225 243 carnis
1249 224 1342 243 mors

203 278 282 306 est.“
329 274 398 307 Sed
431 282 463 305 et
496 273 609 305 omnia
635 282 772 317 peccata
797 273 985 317 Apostolus
1011 285 1114 316 opera
1140 271 1247 304 carnis
1273 285 1342 304 esse

202 334 461 379 pronuntiat,³)
487 348 573 379 quae
593 334 673 367 dicit
693 347 763 367 esse
780 333 1054 374 fornicationem,
1078 332 1341 372 immunditiam,

202 397 411 441 passionem,
437 395 749 441 concupiscentiam
773 396 916 436 malam,
941 395 1204 440 impudicitiam,
1226 394 1342 426 idolo-

203 458 350 499 latriam,
371 458 547 497 maleficia,
564 456 762 497 inimicitias,
775 457 812 502 ⁴¹)
829 457 1021 497 certamina,
1038 457 1159 497 zelum,
1178 457 1340 495 furorem,

203 519 448 559 contentiones,
474 518 710 559 dissensiones,
731 520 894 559 haereses,
908 518 1079 559 invidiam,
1105 517 1342 561 ebrietatesfi)

202 581 475 621 comessationes,
501 590 533 613 et
557 581 606 614 his
632 581 762 615 similia.
810 582 880 614 Sed
906 580 932 615 si
957 580 1125 625 requiras,
1162 580 1340 625 quomodo

202 643 302 675 etiam
328 644 479 676 haereses
504 642 592 675 inter
616 642 724 677 carnis
751 656 855 687 opera
880 642 1162 686 numerentur,⁶)
1193 641 1340 674 invenies

203 718 255 737 eas
281 706 323 737 de
349 718 447 737 sensu
474 704 582 737 carnis
608 706 805 749 procedere,
854 704 909 738 Sic
935 704 1025 737 enim
1051 704 1131 738 dicit
1157 702 1340 747 Apostolus

202 767 244 799 de
277 767 443 811 quodam:
486 767 689 810 ‚‚srustra,⁷)
727 766 855 811 inquit,
887 767 1023 799 inflatus
1055 779 1073 799 a
1104 779 1202 799 sensu
1233 763 1341 796 carnis

201 841 290 867 suae,
316 837 348 860 et
372 841 443 860 non
472 836 589 860 tenens
614 833 746 873 caput.“
787 829 880 861 Haec
899 839 1012 861 autem
1030 827 1184 867 diximus,
1206 834 1245 858 ut
1268 838 1341 858 ma·-

200 889 355 922 niscstior
389 890 485 922 fieret
513 889 722 929 intellectus,
760 891 939 934 quomodo
965 900 1141 935 peccatum
1167 897 1283 930 regnet
1305 886 1341 919 in

201 964 357 996 corpore,
408 951 534 984 Omnia
568 965 716 996 namque
740 951 815 990 illa,
849 965 935 996 quac
961 951 1114 996 superius
1139 963 1243 995 opera
1269 961 1340 981 car-

200 1012 298 1054 nisss)
325 1026 393 1046 esse
419 1012 699 1052 enumeravimus,
738 1014 830 1045 velut
862 1013 1025 1046 exercitus
1060 1012 1198 1057 quidam
1229 1023 1339 1043 arma-

200 1073 301 1117 tus9)
319 1082 367 1106 est
383 1074 445 1106 sub
471 1075 536 1106 hoc
561 1087 637 1116 rege
651 1074 780 1118 peccati
798 1074 956 1114 militans,
978 1084 1009 1107 et
1023 1074 1088 1117 legi
1112 1073 1183 1119 ejus
1207 1085 1341 1117 parens,

201 1148 288 1179 quac
313 1134 347 1167 in
372 1135 535 1168 membris
560 1135 668 1168 carnis
694 1135 854 1181 inscripta
880 1145 937 1169 est.
987 1136 1129 1169 Certum
1167 1142 1216 1167 est
1240 1132 1340 1172 enim,

203 1196 281 1240 quia
307 1209 344 1228 ex
371 1209 422 1236 eo,
449 1198 543 1241 quod
560 1196 733 1230 desideriis
747 1197 875 1242 peccati
893 1212 971 1231 caro
988 1196 1217 1232 obedientiam
1242 1208 1339 1240 prae-

199 1259 266 1297 bet,
285 1257 501 1302 concupiscat
518 1258 573 1302 ¹⁰)
597 1272 698 1297 „caro
714 1260 870 1292 adversus
885 1260 1050 1304 spiritum,
1076 1269 1108 1291 et
1124 1258 1258 1302 spiritus
1280 1258 1338 1288 ad-

198 1333 313 1351 versus
339 1332 487 1358 carnem,
514 1329 545 1351 et
570 1320 651 1352 haec
676 1319 739 1352 sibi
764 1320 906 1353 invicem
931 1322 1180 1354 adversentur.“
1196 1320 1203 1338 ¹
1219 1319 1252 1363 ¹)
1293 1319 1337 1350 ll-

199 1380 259 1412 lud
286 1389 398 1412 tamen
424 1381 569 1419 adverte,
595 1382 691 1425 quod
710 1383 890 1415 ostendens
906 1382 939 1415 in
958 1393 1073 1416 nostra
1093 1391 1259 1427 potestate
1274 1394 1337 1425 po-

199 1441 310 1482 situm,
334 1451 468 1474 utnon
501 1451 617 1484 regnet
649 1442 684 1475 in
718 1453 836 1476 nostro
869 1444 1004 1478 mortali
1041 1458 1186 1490 corpore
1219 1456 1336 1488 pecca*

292 1547 327 1593 ¹)
353 1549 453 1581 Rom.
479 1549 572 1588 Vlll,
597 1551 627 1584 7.

290 1605 328 1649 ²)
352 1606 453 1638 Rom.
478 1605 571 1644 VIII,
596 1606 628 1640 6.

290 1661 328 1704 ³)
354 1661 464 1694 Galat.
490 1661 531 1700 V,
557 1662 715 1696 19—21.

292 1714 329 1757 ⁶²)
354 1717 443 1750 Edd.
469 1717 628 1750 Merlini:
654 1717 874 1751 inimicitiam.

292 1772 327 1815 5)
351 1773 440 1806 Edd.
466 1774 621 1807 Merlini:
648 1775 855 1810 ebrietatem.

290 1827 327 1871 ⁶)
352 1828 441 1862 Edd.
467 1830 607 1863 Merlini
631 1842 865 1865 numerantur.

292 1885 327 1928 ⁷)
353 1885 445 1917 Editi
472 1886 520 1931 (ν.
553 1900 580 1919 c.
608 1888 685 1920 edd.
719 1888 806 1931 M.):
832 1889 978 1927 „frustra
1005 1889 1099 1932 quod
1123 1886 1257 1920 inflatus
1292 1888 1334 1920 de

196 1929 291 1971 (edd.
316 1930 365 1963 M.
393 1931 436 1973 a)
460 1937 582 1965 sensu⁴‘
607 1942 669 1965 etc.
695 1933 735 1965 R.
763 1953 804 1959 —
830 1933 901 1966 Cfr.
926 1933 1056 1966 Coloss.
1082 1933 1124 1972 II,
1149 1934 1201 1967 18.
1228 1933 1278 1968 19.

289 1985 327 2028 8)
350 1987 438 2019 Edd.
463 1988 617 2021 Mcrlini:
645 2001 715 2022 esse
739 1988 857 2022 carnis.

290 2041 326 2085 ⁹)
352 2043 443 2076 Alias
467 2045 515 2087 (v.
542 2058 567 2078 c.
594 2044 628 2076 in
654 2046 731 2078 edd.
754 2044 836 2090 Μ.);
856 2045 1055 2085 „damnatus
1079 2047 1165 2086 est;“
1183 2043 1224 2077 al.
1242 2043 1331 2084 „cla-

195 2096 305 2119 matus
331 2093 411 2121 est.“
435 2089 538 2122 Male.
558 2090 599 2122 R.

197 2186 206 2217 Ι
230 2197 242 2219 t
267 2141 323 2219 ἐ)
344 2144 440 2222 {inditi
474 2145 521 2189 (ν.
557 2159 582 2178 e.
615 2147 691 2178 edd.
719 2145 803 2189 M.):
835 2144 1096 2190 „concupiscit.“
1130 2143 1170 2175 R·
1195 2161 1235 2168 —
1261 2141 1331 2175 Ga·

210 2200 250 2220 a.
309 2214 317 2227 ,
372 2204 396 2222 c.

269 2243 325 2287 Η)
351 2245 444 2278 Editi
469 2245 512 2289 (e.
541 2260 570 2287 c,
596 2248 672 2280 edd.
698 2247 784 2293 M.):
809 2247 1079 2288 ‚.adversantur.“
1102 2244 1142 2277 R.
