1377 2454
139 36 208 72 110
407 34 584 70 ORIGEMS
608 45 644 69 m
668 37 731 70 Ep,
757 45 803 70 An
830 36 1010 71 Rommos

141 125 281 160 ecclesia
314 124 430 171 posuit
454 125 549 159 Deus
574 125 687 170 primo
714 128 919 172 Apostolos,
954 127 1105 160 secundo
1130 127 1280 173 prophe-

138 198 200 228 tas,
234 186 333 221 tertio
360 187 551 220 doctores.“
596 188 653 220 Isti
688 201 787 231 ergo,
824 188 882 234 qui
905 188 1018 233 primo
1051 189 1130 222 loco
1155 189 1281 223 consti-

140 249 205 283 tuti
237 258 334 289 sunt,
375 258 609 294 competenter
645 249 812 295 primitias
842 249 948 284 sancti
980 249 1126 295 Spiritus
1158 251 1283 294 gratiae

139 310 322 356 spiritualis
354 311 480 344 habere
511 311 702 344 credentur.
755 312 854 345 Nunc
886 310 955 358 jam
985 311 1169 353 videamus,
1194 326 1281 357 quo-

139 374 247 407 modo
273 372 496 417 adoptionem
513 371 664 405 filiorum
685 383 874 418 exspectare
898 387 934 407 se
959 373 1058 414 dicat,
1083 373 1141 419 qui
1165 373 1200 407 in
1225 388 1281 407 su-

139 433 333 480 perioribus
358 434 460 474 dixit,
495 433 572 479 quia
597 434 690 479 „ipse
708 434 741 479 ¹)
774 435 920 480 Spiritus
945 435 1178 469 testimonium
1203 435 1281 468 red-

139 496 190 530 dit
222 495 355 541 spiritui
385 505 521 536 nostro,
562 495 641 541 quia
674 510 789 530 sumus
828 497 889 530 filii
929 496 1045 530 Dei:“
1087 505 1120 530 et
1159 496 1283 530 iterum

142 558 320 604 quomodo
346 557 595 591 redemtionem
625 558 778 603 corporis
803 568 931 603 sperat,
963 557 1021 604 qui
1054 557 1088 591 in
1123 558 1195 592 aliis
1230 558 1282 591 di-

140 620 202 653 cit:
234 619 456 662 „Christus²)
486 632 550 652 nos
574 620 749 653 redemit.“
796 620 925 664 Sed‚3)
962 629 1001 653 ut
1031 619 1116 653 mihi
1140 620 1282 660 videtur,

139 681 211 727 ipse
234 682 300 715 hoc
325 694 366 714 eo
391 694 565 721 sermone,
592 681 649 726 qui
673 682 708 714 iu
735 681 955 727 sequentibus
981 683 1141 722 habetur,
1167 681 1282 715 absol-

138 743 195 776 vit.
244 742 299 776 Ait
325 742 452 776 enimv
473 756 554 787 „spe
568 742 603 787 ⁴)
635 743 716 776 salvi
749 743 828 776 facti
858 747 1007 777 sumus.“
1062 743 1170 787 Quod
1203 756 1282 786 ergo

140 805 202 838 filii
226 818 361 845 sumus,
396 813 429 837 et
451 804 595 837 redemti
619 818 751 845 sumus,
777 814 810 838 et
836 806 930 850 quod
955 805 1072 838 salvati
1094 818 1221 845 sumus,
1247 804 1284 837 in

139 880 199 912 spe
224 865 386 900 consistit.
442 866 615 910 ‚‚Nune⁵)
649 866 738 899 enim
753 867 789 912 ⁶)
821 866 973 901 videmus
1002 880 1065 912 per
1095 866 1284 911 speculum,

139 938 174 962 et
196 928 232 962 in
257 927 461 971 aenigmate,
494 936 575 961 tunc
601 937 715 961 autem
739 927 825 961 facie
849 929 892 961 ad
916 927 1071 961 faciem.“
1116 928 1184 961 Per
1207 940 1283 973 spe-

139 990 257 1024 culum
289 1002 368 1032 ergo
402 998 435 1022 et
464 989 501 1022 in
526 989 714 1032 aenigmate
738 988 922 1034 accipimus
947 999 979 1023 et
1003 989 1228 1035 adoptionem
1252 998 1285 1022 et

139 1051 398 1085 redemtionem.
454 1050 673 1093 „Advenit⁷)
699 1051 789 1084 enim
814 1050 996 1096 plenitudo
1020 1061 1228 1096 temporum,
1251 1060 1284 1084 et

139 1113 230 1147 misit
256 1113 350 1146 Deus
372 1111 501 1146 Filium
530 1126 630 1146 suum
664 1113 792 1146 factum
818 1126 856 1146 ex
881 1112 1042 1154 muliere,
1066 1115 1195 1147 sactum
1219 1114 1283 1147 sub

138 1176 223 1219 lege,
248 1184 287 1208 ut
310 1188 378 1215 eos,
403 1174 461 1219 qui
486 1175 548 1208 sub
574 1174 647 1217 lege
663 1185 768 1215 erant,
792 1175 985 1216 redimeret,
1008 1184 1047 1208 ut
1061 1174 1284 1221 adoptionem

139 1237 289 1271 ffliorum
324 1236 590 1281 reciperemus.“
646 1236 850 1282 Recepimus
863 1236 901 1281 Β)
939 1250 1019 1280 ergo
1051 1237 1285 1282 adoptionem,

139 1300 199 1332 sed
224 1299 332 1339 istam,
358 1311 444 1342 quae
463 1300 522 1331 'est
545 1311 608 1342 per
631 1299 808 1343 speculum
835 1308 867 1332 et
890 1298 926 1331 in
950 1299 1146 1341 aenigmate.
1194 1299 1284 1332 Cum

140 1370 254 1394 autem
279 1359 432 1392 venerint
457 1373 543 1404 quae
567 1361 717 1404 perfecta
741 1369 829 1400 sunt,
859 1369 940 1393 tunc
966 1360 1187 1406 adoptionem
1210 1362 1282 1401 „fa-

142 1422 192 1455 cie
207 1422 244 1466 ⁹)
268 1422 310 1454 ad
335 1421 476 1455 faciem“
503 1434 763 1467 consequemur.
812 1421 918 1466 Quod
943 1432 1057 1456 autem
1083 1422 1181 1456 dixit:
1206 1434 1282 1463 „re-

239 1533 273 1579 ¹)
299 1534 402 1567 Rom.
425 1533 518 1574 VIII,
543 1533 596 1568 16.
692 1532 729 1577 ²)
755 1533 867 1567 Galat.
891 1533 950 1574 III,
975 1534 1029 1569 13.

233 1589 272 1634 3)
296 1589 390 1623 Editi
414 1590 462 1633 (v.
488 1603 514 1622 c.
540 1590 615 1623 edd.
639 1589 727 1633 M):
754 1590 853 1630 „Sic“
880 1599 941 1623 etc.
966 1590 1009 1624 R.

235 1646 273 1691 ⁴)
298 1647 399 1679 Rom.
425 1646 518 1686 VIII,
541 1646 596 1679 24.
693 1646 728 1689 ⁵)
752 1646 767 1678 I
795 1646 874 1678 Cor.
899 1645 993 1685 XIII,
1020 1647 1072 1680 12

236 1702 274 1746 ⁶)
298 1702 392 1735 Editi
417 1702 464 1746 (V.
490 1715 516 1735 c.
543 1703 620 1735 edd.
645 1702 732 1746 ΜΛ)
764 1703 886 1742 „Nunc
910 1711 1023 1735 autem
1047 1701 1199 1735 videmus
1222 1716 1285 1748 per

144 1747 333 1792 speculum,
357 1747 543 1780 videmus
533 1762 568 1780 ln
592 1747 798 1790 aenigmate:
823 1760 886 1793 per
909 1747 1085 1792 speculum
1112 1756 1144 1779 et
1166 1747 1202 1780 in
1227 1761 1283 1781 ae·

144 1793 291 1834 nigmate
316 1792 520 1837 accipimus“
544 1802 604 1826 etc.
629 1794 713 1826 Msc.
730 1807 818 1826 unus
835 1795 916 1835 Reg.
932 1806 1025 1826 num.
1041 1792 1138 1826 1639
1161 1795 1284 1833 „Nunc

144 1838 236 1871 enirn
265 1837 417 1870 videmus
449 1851 511 1881 per
540 1839 715 1883 speculum
748 1838 783 1870 in
816 1838 1020 1880 aenigmate,
1056 1847 1137 1870 tunc
1170 1848 1283 1871 autem

144 1883 232 1916 facie
255 1884 297 1915 ad
321 1882 454 1915 faciem
501 1883 592 1925 Ergo
619 1893 652 1916 et
675 1883 861 1926 aenigmata
891 1882 1097 1927 accipimus“
1129 1893 1190 1917 etc.
1215 1883 1284 1916 Alii

145 1942 226 1961 ve1o
244 1928 323 1961 Mss.
348 1929 470 1968 „Nunc
488 1937 598 1961 autem
624 1928 776 1962 videmus
795 1942 858 1973 per
874 1942 932 1973 sp·
922 1928 1049 1960 culum
1075 1938 1107 1960 et
1131 1928 1165 1961 in
1191 1929 1283 1961 aeni-

145 1983 273 2016 gmate:
286 1986 348 2018 per
365 1973 542 2017 speculum
559 1987 637 2017 ergo
657 1984 690 2007 et
704 1975 740 2008 in
755 1974 941 2017 aenigmate
950 1972 1154 2018 accipimus“
1170 1983 1229 2007 etc.
1242 1974 1284 2007 R.

242 2029 278 2074 ⁷)
307 2028 611 2069 Galat.111,4.5

238 2085 275 2129 ⁸)
301 2085 364 2119 Ed.
381 2085 516 2118 Ruaei
507 2099 542 2117 1n
560 2095 668 2119 textzu
680 2086 896 2132 „Recipimus
915 2090 1027 2128 ergo,“
1038 2086 1156 2119 eadem
1170 2094 1284 2119 tamen

147 2143 184 2208 ¹0¹:
207 2131 324 2209 gigtifi:
361 2130 462 2171 „editi
499 2131 654 2176 plerique
686 2133 733 2177 (v.
767 2146 794 2166 c.
828 2132 903 2167 cdd
934 2132 1019 2176 M.:)
1060 2131 1283 2176 „Recepimus

178 2189 204 2219 g
240 2231 276 2276 ⁹)
300 2232 313 2264 I
341 2231 420 2265 Cor.
445 2232 540 2273 XIII,
565 2233 617 2266 12.

1361 0 1366 113 ἶ

1364 122 1371 155 k
