1320 2444
357 32 710 67 Commmmmonum
734 33 808 67 Lm.
837 33 884 67 X.
1120 34 1188 70 419

50 137 152 169 quam
182 124 279 157 suero
310 122 376 163 ihi,
416 136 551 157 necesse
585 132 631 156 est
659 136 715 156 me
748 123 827 168 et¹)
857 123 1005 156 Romam
1041 122 1186 158 videre.“

47 186 98 220 Ex
123 184 172 218 his
197 193 308 218 autem
320 184 357 229 ²)
383 185 541 218 omnibus
560 184 666 217 verbis
681 184 861 226 colligitur,
885 184 1046 229 quianon
1071 186 1184 218 solum

47 247 156 292 prima
190 247 233 279 ad
267 245 482 286 Corinthios,
522 246 580 279 sed
616 255 647 278 et
678 247 827 279 secunda
858 255 935 279 ante
970 247 1094 291 scripta
1127 255 1184 286 est.

48 321 149 353 quam
182 308 265 341 haec
298 309 340 341 ad
377 309 569 349 Romanos,
607 320 708 351 quam
748 307 912 340 habemus
941 308 976 341 in
1009 307 1184 342 manibus:

46 369 214 414 simulque
238 370 323 402 illud
348 370 549 410 advertitur,
574 370 689 414 quod,
713 378 839 413 quanto
864 369 1034 413 posterior
1058 369 1184 402 Paulus

47 432 82 465 in
108 443 313 475 unaquaque
343 431 514 464 invenitur
544 429 703 476 epistola,
732 439 826 463 tanto
859 439 890 463 et
921 430 1123 475 perfectior:
1145 439 1184 463 ut

47 505 142 525 verus
167 492 208 524 sit
237 491 294 524 ille
319 490 388 537 ejus
411 505 541 532 sermo,
571 504 672 536 quem
698 491 797 531 dixit,
830 492 909 536 quia
932 490 1134 536 „praeterita
1146 490 1182 534 ³)

48 553 259 593 obliviscens,
285 555 328 587 ad
356 556 467 587 futura
491 567 546 587 me
570 554 734 594 extendo,
759 554 801 586 ad
821 554 1011 598 perfeetum
1040 565 1183 597 sequens

45 616 197 660 palmam
220 628 387 659 supernae
411 615 629 649 vocationis.“
683 614 791 659 Quod
822 623 934 647 autem
967 615 1062 648 dicit:
1087 614 1182 658 „pla-

47 675 113 708 cuit
126 675 162 720 4)
186 676 414 709 Macedoniae
438 676 514 721 ct⁵)
540 675 689 722 Achaiae
714 676 932 709 collationem
958 676 1107 720 aliquam
1132 677 1183 708 sa-

46 750 123 770 cere
161 737 197 770 in
232 750 398 782 pauperes
430 738 673 771 sanctorum:“
711 737 878 771 subtiliter
914 747 945 770 et
980 738 1183 776 verecunde,

46 800 128 832 dum
155 799 355 833 Corinthios
378 799 505 839 laudat,
528 794 685 833 hortatur
702 799 891 832 Romanos.
926 798 1074 831 Facilius
1090 798 1182 831 enim

45 861 186 894 devotae
210 870 338 894 mentes
361 862 404 894 ad
426 861 710 894 benefaciendum
735 859 905 905 exemplis,
929 873 1031 905 quarn
1050 873 1182 893 sermo-

44 922 145 955 nibus
168 922 361 955 invitantur.
397 922 466 955 Sed
491 922 570 965 οἱὸ)
592 922 628 955 in
654 935 706 962 eo,
731 922 826 967 quod
850 922 961 955 addit:
984 921 1182 966 „placuit⁷)

46 984 148 1024 enim,
173 993 205 1016 et
228 982 398 1016 debitores
421 992 499 1017 sunt
523 987 683 1016 eorum:“
717 984 799 1028 quid
832 982 925 1016 aliud
957 983 1081 1016 sentire
1112 983 1183 1016 vult

45 1045 238 1085 Romanos,
268 1043 380 1088 nisis)
405 1053 459 1084 ut,
496 1044 522 1077 si
554 1044 674 1077 Achivi
707 1054 738 1078 et
767 1044 978 1078 Macedones
1009 1043 1180 1077 debitores

44 1115 122 1140 sunt
139 1106 345 1151 pauperibus
361 1115 568 1145 sanctorum,
586 1105 643 1150 qui
654 1115 729 1139 sunt
748 1106 782 1139 in
797 1105 997 1147 Jerusalem,
1013 1106 1130 1139 eadem
1144 1104 1180 1148 ⁹)

138 1283 174 1326 ¹)
199 1284 304 1317 Deest
327 1287 399 1323 ‚,et“
424 1284 459 1316 in
481 1285 561 1317 cdd.
585 1283 634 1316 M.

136 1339 173 1383 2)
198 1339 302 1372 Deest
326 1343 480 1379 ‚,autem“
504 1340 539 1372 in
565 1340 616 1372 ed.
639 1339 690 1372 M.
715 1338 756 1371 ll.

135 1394 173 1439 ³)
196 1394 345 1440 Philipp.
370 1395 430 1435 ΙΙΙ,
453 1394 506 1428 14.
532 1395 610 1428 coll.
635 1395 711 1428 edd.
735 1395 776 1427 N.
803 1394 842 1426 T.

134 1449 171 1496 ⁴)
197 1451 297 1484 Rom.
320 1451 398 1492 XV,
420 1452 474 1486 26.

135 1506 170 1550 ⁵)
195 1507 326 1540 Verba:
351 1517 404 1547 „et
428 1505 609 1553 Aeliajae,“
632 1506 867 1540 desiderantur
892 1507 927 1540 in
953 1506 1048 1540 editis
1079 1507 1126 1551 (v.
1152 1523 1178 1541 c.

45 1552 120 1585 edd.
142 1551 224 1595 M.)‚
248 1560 279 1584 et
302 1551 336 1583 in
361 1552 530 1596 plerisque
554 1553 651 1591 Mss.,
684 1554 742 1587 sed
775 1554 997 1586 restituuntur
1032 1565 1069 1584 ex
1094 1553 1177 1585 Msc.

43 1598 122 1640 Reg.
146 1610 241 1630 num.
265 1597 363 1631 1639.
390 1606 420 1629 et
443 1597 599 1630 Rabano.
626 1597 665 1629 R.

134 1652 171 1697 ⁶)
196 1652 301 1686 Deest
323 1656 397 1692 „et“
421 1653 457 1686 in
482 1653 556 1687 edd.
579 1652 628 1685 M.

135 1707 172 1751 ⁷)
196 1708 298 1742 Rom.
321 1709 405 1747 XV,
442 1709 495 1743 27.
531 1728 573 1734 -
604 1709 692 1742 Edd.
725 1708 881 1742 MerlinI:
912 1709 1062 1754 „placuit
1086 1709 1175 1743 enim

43 1753 92 1795 iis,
119 1758 170 1786 et“
195 1763 254 1786 etc.
278 1772 320 1779 —
347 1753 415 1787 Cfr.
441 1766 514 1798 pag.
539 1755 614 1789 417.
639 1763 710 1787 not.
734 1755 766 1788 2.

135 1809 173 1854 Β)
197 1808 253 1843 Sic
278 1823 394 1843 omnes
417 1809 497 1843 Mss.
521 1809 638 1843 nostri.
685 1809 778 1842 Editi
801 1822 897 1843 vero:
921 1809 1007 1849 „nisi
1024 1809 1176 1843 Achaii.“

43 1854 222 1888 Rabanus:
246 1855 330 1895 „nisi
354 1863 390 1887 ut
412 1854 438 1888 si
463 1855 622 1888 Achaici“
647 1864 705 1888 etc.
742 1854 783 1888 R.
806 1874 847 1879 —-
872 1854 938 1887 Ed.
963 1854 1011 1887 Μ.
1035 1855 1066 1888 I:
1090 1855 1175 1896 „nisi

42 1900 69 1933 si
95 1900 233 1933 Achaiw
258 1909 329 1939 etc.‚
353 1901 403 1933 ed.
428 1899 475 1932 M.
502 1900 551 1932 ll:
572 1900 655 1940 „nisi
679 1901 705 1934 si
730 1899 879 1933 Achaei⁴‘
903 1909 963 1933 etc.

136 1954 172 1999 9)
197 1955 246 1988 Ita
277 1956 457 1995 legendum
487 1956 627 1988 videtur.
676 1956 744 1989 Sed
774 1954 858 1989 Msc.
896 1955 1013 1988 Codex
1051 1955 1173 1989 Vallis-

45 1999 184 2039 Clarae,
220 2010 251 2033 et
273 2013 360 2033 unus
391 1999 470 2041 Reg.
503 2013 596 2034 num.
629 2001 726 2037 1640.
758 2002 897 2041 „eadem
928 2001 1076 2040 ratione,
1107 2014 1172 2045 qua

42 2057 318 2090 unamquamque
342 2045 391 2078 illi
413 2046 547 2084 fidem,“
579 2055 639 2079 etc.
673 2056 711 2079 ut
742 2046 777 2079 in
813 2054 913 2079 textu.
959 2045 1050 2078 Editi
1074 2044 1120 2089 (e.
1145 2060 1174 2079 c.

43 2091 120 2123 edd.
146 2089 231 2133 M.):
255 2091 393 2129 „eadem
426 2089 573 2130 ratione,
608 2104 675 2135 qua
706 2104 810 2124 unam
841 2092 967 2124 fidem“
998 2099 1059 2123 etc.
1087 2091 1171 2123 Msc.

43 2134 122 2176 Reg.
147 2148 240 2168 num.
258 2134 354 2170 1641.
372 2136 512 2173 „eadem
536 2135 678 2176 ratione,
701 2149 767 2181 qua
790 2149 905 2175 unam,
929 2147 1029 2179 quam
1046 2135 1172 2168 fidem“

43 2189 103 2212 etc.
130 2180 288 2212 Rabanus
320 2179 438 2212 habet:
467 2181 604 2220 „eadem
630 2181 762 2214 ratione
791 2181 890 2214 etiam
916 2179 1083 2220 Romani,
1112 2181 1171 2225 qui

43 2225 146 2259 fidem
172 2224 294 2260 Christi
319 2234 450 2266 tenent,
480 2225 654 2260 advertant
685 2235 716 2260 et
739 2235 843 2260 semet
866 2225 978 2269 ipsos“
1001 2235 1061 2259 etc.
1088 2226 1171 2260 Msc.

884 2286 959 2321 27*
