1320 2444
125 62 192 97 422
400 62 578 97 Omenms
601 72 639 96 m
662 61 724 97 ΕΡ.
747 71 796 96 An
820 61 999 98 Romnos

125 150 252 185 Gentes
276 151 311 185 in
327 151 361 197 ¹)
395 165 498 185 carne
522 152 634 185 adhuc
661 152 793 197 positae
818 153 1074 187 communicare
1097 154 1264 188 festinant.

123 214 271 247 Videtur
283 213 320 258 ²)
345 226 424 256 ergo
449 213 533 247 mihi
557 214 618 254 his,
644 227 729 258 quos
753 215 911 248 nominat
937 214 1079 256 Gentes,
1102 216 1264 261 imperfe-

124 275 246 308 ctiores
270 277 432 320 quasdam
458 275 587 308 animas
610 275 780 316 indicare,
819 289 906 321 quae
937 279 1168 322 perfectorum
1193 291 1266 311 ma-

125 337 258 378 gisterio
290 337 478 379 indigeant:
519 347 551 370 et
578 337 605 371 si
636 339 724 370 forte
757 337 927 383 dignae³)
960 339 1096 373 habitae
1129 340 1266 379 suerint,

124 407 163 431 ut
176 398 213 442 ⁴)
236 399 416 444 participes
441 399 479 432 iis
505 398 587 432 fiant
609 398 643 432 in
668 399 843 432 intellectu
875 409 906 433 et
928 396 1067 434 scientia
1091 400 1266 446 spirituali,

123 459 266 505 ipsae⁵)
291 461 437 494 debeant
460 461 494 493 in
521 460 712 494 carnalibus
735 461 927 496 ministrare
949 461 1006 496 iis:
1031 463 1099 496 hoc
1117 471 1173 503 est,
1187 476 1264 496 cum

121 521 257 566 spiritus
282 535 402 555 eorum
427 521 536 555 imbui
569 523 721 567 coeperit
749 524 792 556 ad
805 522 842 567 ⁶)
871 523 1045 557 scientiam
1080 524 1267 564 celsiorem,

125 583 275 628 debet7)
301 584 400 617 etiam
427 597 510 618 caro
539 584 768 617 continentiae
800 594 833 618 et
865 586 1020 620 castitatis
1043 587 1138 619 frena
1160 586 1264 620 susci-

123 644 221 688 piens
244 645 474 690 spiritualibus
497 645 688 679 ministrare
712 647 917 692 praeceptis;
947 661 991 681 ne
1015 649 1119 688 forte,
1153 649 1180 682 si
1205 649 1266 682 ad-

122 705 250 739 hucin
274 708 464 741 carnalibus
495 707 659 748 lasciviat,
695 721 859 742 sessorem
890 723 989 743 suum
1021 709 1089 743 Dei
1112 709 1266 743 Verbum

122 766 258 801 incauta
285 777 316 801 et
340 769 503 802 effrenata
529 768 672 814 dejiciat.
720 770 789 803 Sed
823 779 854 803 et
884 770 956 816 ipsa
983 772 1174 805 differentia
1196 785 1267 805 ser-

123 842 288 870 monum,
321 844 386 874 qua
401 831 437 875 Β)
469 843 545 872 erga
576 840 757 875 utramque
787 840 918 875 partem
949 845 1027 866 usus
1060 842 1106 866 est
1128 832 1266 873 Paulus,

122 904 195 923 nou
220 891 305 924 mihi
331 891 462 924 videtur
493 892 610 926 otiosa.
659 892 697 924 In
729 892 961 937 spiritualibus
992 894 1083 928 enim
1107 908 1264 928 commu—

123 952 265 985 nionem
292 953 343 986 vel
367 952 664 998 participationem
689 953 813 998 posuit,
835 954 872 987 in
890 955 1079 989 carnalibus
1095 968 1176 989 vero
1200 956 1266 989 mi—

124 1014 315 1048 nisterium:
346 1004 470 1048 etrhoc
497 1015 649 1048 debitum
677 1028 763 1055 esse,
798 1016 885 1050 illud
909 1030 989 1050 vero
1015 1016 1265 1050 communicari

124 1075 224 1109 dicit:
250 1086 287 1109 ut
312 1078 477 1117 ostendat,
501 1077 579 1122 quia
603 1076 807 1122 perfectiora
825 1090 979 1123 quaeque
999 1089 1161 1123 tanquam
1186 1091 1265 1112 coe-

123 1138 217 1172 lestia
242 1139 381 1172 terrenis
412 1152 484 1171 non
517 1148 585 1172 tam
623 1139 810 1179 debentur,
848 1153 950 1184 quam
983 1141 1266 1182 commodantur3

123 1208 256 1233 terrena
270 1200 306 1244 ⁹)
331 1214 410 1233 vero
437 1210 468 1234 ct
494 1201 641 1234 carnalia
665 1210 826 1246 tanquam
847 1215 912 1246 pro
933 1201 1051 1235 debito
1077 1202 1264 1243 exiguntur.

122 1261 307 1296 Debitores
332 1263 422 1296 enIm
448 1262 558 1296 effecti
582 1276 696 1297 sumus
720 1264 909 1297 secundum
932 1263 1041 1304 illum,
1065 1263 1122 1308 qui
1146 1263 1264 1308 primi-

220 1411 254 1456 ¹)
279 1412 722 1447 Edd.Me1lini:adhuc
712 1428 747 1447 ln
773 1426 874 1447 carne
897 1414 1027 1459 positae
1052 1423 1113 1447 etc.

215 1468 252 1512 ²)
277 1468 369 1501 Editi
402 1470 449 1513 (v.
483 1482 509 1503 c.
543 1470 619 1502 edd.
652 1469 736 1514 M.):
768 1470 933 1509 „Videtur
964 1481 1043 1511 ergo
1082 1470 1167 1503 mihi
1198 1470 1262 1510 hic,

123 1527 225 1565 quos
232 1514 389 1546 nominat
413 1523 536 1555 gentes,
559 1514 710 1547 indicate
734 1515 1000 1559 imperfectiores
1026 1528 1176 1567 quasque
1190 1515 1263 1548 ani-

121 1572 192 1592 mas
215 1558 251 1591 in
278 1572 399 1611 carne,
436 1563 543 1603 quae“
574 1569 635 1592 etc.
690 1560 805 1593 Editio
836 1561 965 1593 Veneta
998 1560 1123 1593 omittit
1152 1561 1263 1600 „indi-

123 1617 208 1637 care
211 1607 231 1622 “
279 1604 335 1637 Sic
358 1603 457 1637 etiam
481 1604 561 1637 Rlss.
587 1603 753 1648 plerique,
778 1605 841 1639 nisi
865 1606 961 1649 quod
978 1605 1128 1638 habeant
1150 1610 1263 1645 „esse“

120 1662 204 1693 pro:
228 1648 433 1688 ,‚indicare,“
459 1658 491 1681 et
513 1649 709 1690 „indigenfl‘
733 1664 815 1695 pro:
846 1650 1070 1692 „indigeant.“
1117 1650 1187 1684 Sed
1210 1664 1263 1683 re-

122 1696 205 1728 ctius
229 1694 314 1728 Risc.
341 1695 421 1734 Reg.
447 1708 542 1727 num.
567 1695 664 1729 1639.
689 1705 726 1728 ut
748 1709 782 1728 m
808 1706 925 1729 nostro
951 1704 1049 1728 textu.
1075 1695 1116 1729 R.

213 1750 250 1794 ³)
273 1750 363 1783 Edd.
388 1750 545 1783 Merlini:
569 1750 683 1792 „dIgni
709 1751 815 1784 habiti
838 1752 984 1784 fuerint“
1001 1761 1060 1785 etc.

207 1805 249 1883 ὲ)
273 1806 365 1839 Editi
400 1807 448 1851 (v.
480 1820 506 1839 c.
541 1808 616 1840 edd.
641 1807 730 1851 M.:)
763 1816 821 1847 „ut
851 1808 1032 1853 participes
1058 1807 1127 1854 ejus
1159 1810 1261 1842 fiant“

122 1861 181 1885 etc.

215 1907 251 1952 ⁵)
279 1907 371 1941 Edd.
393 1907 549 1941 Mei-lini:
572 1908 635 1954 ipsi
660 1909 815 1942 debeant.

213 1964 249 2008 ὃ)
274 1963 357 1997 Msc.
381 1963 461 2006 Reg.
486 1978 580 1998 num.
607 1965 706 2000 1639.
730 1978 771 2004 „a
796 1963 932 1998 scientia
960 1965 1130 2000 celsiore.“
1156 1965 1193 1999 R.

215 2021 250 2065 ⁷)
276 2020 363 2052 Edd.
388 2020 546 2053 Me1lini:
573 2022 702 2054 debeat.

212 2075 249 2120 ⁸)
274 2076 358 2155 Nizsc.
385 2075 464 2118 Reg.
490 2091 582 2111 num.
609 2077 704 2113 1639.
738 2090 824 2123 „qua
860 2090 937 2120 erga
967 2088 1151 2123 utrumque
1181 2091 1259 2112 usus

120 2125 187 2155 est“
212 2131 272 2155 etc.

212 2178 249 2221 ⁹)
273 2179 365 2211 Editi
390 2178 438 2223 (V.
466 2191 493 2211 c.
519 2180 595 2212 edd.
621 2180 667 2213 M.
673 2180 706 2225 ):
741 2189 894 2220 „terrena
926 2194 1007 2213 vero
1033 2189 1065 2213 et
1086 2189 1259 2224 tempora-

117 2223 173 2262 lia,
196 2223 263 2257 sive
287 2225 436 2257 carnalia
460 2231 642 2269 tanquam“
677 2235 737 2260 etc.
793 2226 861 2260 Sed
893 2239 1011 2260 omnes
1042 2224 1120 2259 Mss.
1154 2234 1190 2259 ut
1221 2225 1256 2259 in

118 2278 236 2303 nostro
260 2277 360 2303 textu.
386 2269 425 2301 R.
