1392 2464
494 91 773 119 PROLEGOMENA.
1168 93 1204 116 lx

73 176 364 222 Genebrardus,
403 172 710 220 Hieronymique
757 174 925 218 Operum
965 172 1206 208 Basileenses

74 239 240 275 editores
267 249 365 272 anno
388 239 624 282 MDLXXI.,
650 238 765 279 atque
778 233 979 280 Philippus
1003 236 1205 272 Labbaeus

71 302 120 336 de
144 299 328 345 Scriptor.
355 301 488 334 eccles.
515 301 628 333 Tom.
662 299 710 332 ΙΙ.
742 307 826 342 pag.
851 297 947 342 145„
973 296 1055 341 ejus
1079 298 1207 343 operis

69 360 426 406 interpretationem
463 359 704 406 Hieronymo
741 357 877 393 itidem
908 358 1206 404 adscripserunt.

69 424 146 458 Sed
171 423 268 457 hanc
293 422 430 471 Rufino
448 433 532 458 esse
549 421 791 456 tribuendam
806 420 1096 456 evidentissime
1119 434 1206 467 pro-

69 486 161 519 bant
188 488 268 519 tum
293 484 564 530 Cassiodorus,
601 488 681 518 tum
713 484 807 517 Mss.
840 483 984 529 nostri,
1017 488 1099 518 tum
1122 483 1207 529 ipsa

68 546 196 581 Rufini
220 545 422 591 peroratio,
447 544 514 580 ubi
543 545 595 580 ait
620 557 660 580 se
685 546 799 591 paulo
823 550 909 590 post
933 556 1208 581 conversurum

69 607 275 643 Clementis
299 608 443 651 libros,
486 608 587 652 quod
621 618 642 641 a
674 606 814 641 Rufino
839 607 982 642 factum
1008 618 1093 643 esse
1119 619 1207 642 con-

67 675 155 706 stat.
211 673 391 705 Erasmus
423 668 620 715 mangonii
660 669 839 704 librarios
870 668 1122 716 insimulans,
1157 671 1206 704 ad

67 738 232 768 emtores
265 731 488 767 alliciendos
524 736 768 777 praetextum
803 733 850 766 ab
888 731 938 766 iis
974 731 1206 778 Hieronymi

68 806 208 830 nomen
241 794 459 828 arbitratur.
513 795 586 828 Ast
616 793 780 828 Huetius
814 794 911 828 hanc
943 793 1092 828 Erasmi
1118 805 1206 839 pro-

67 856 294 892 babiliorem
320 855 550 891 senteutiam
574 866 774 900 respuens,
801 867 935 902 suam,
962 855 1022 890 cui
1047 854 1207 889 minime

66 918 321 963 assentimus,
347 918 400 952 ita
434 916 557 963 aperit
584 917 904 963 origenianorum
937 917 1005 952 lib.
1032 920 1096 951 111.
1123 929 1205 962 cap.

66 983 115 1015 II.
144 985 236 1015 sect.
271 982 338 1014 111.
369 990 474 1013 num.
505 980 560 1014 15.
587 981 695 1024 „Cur
718 981 955 1025 Hieronymo
987 980 1130 1015 tributa
1156 979 1207 1014 sit

67 1042 179 1087 (haec
213 1040 497 1086 interpretatio)
521 1040 651 1076 Rufini
688 1046 773 1076 astu
812 1047 849 1077 et
881 1042 1037 1077 vafritie
1062 1043 1207 1076 factum

67 1108 180 1149 puto,
213 1102 278 1147 qui
313 1103 361 1136 ad
393 1101 659 1136 declinandam
684 1103 776 1138 facti
801 1103 1002 1149 invidiam,
1031 1125 1072 1129 —
1101 1106 1204 1138 male

68 1164 210 1209 quippe
233 1162 412 1198 audiebat
436 1163 613 1209 Origenis
638 1176 777 1199 nomen
803 1186 862 1205 —-,
888 1170 924 1200 et
947 1165 987 1200 in
1011 1165 1205 1212 Hierony-

66 1238 186 1268 mum,
213 1236 233 1259 a
258 1235 333 1270 quo
358 1236 472 1270 saepe
494 1225 727 1271 Origenismi
743 1238 856 1261 causa
879 1227 1097 1273 exagitatus
1122 1228 1206 1261 fue-

66 1293 138 1333 rat,
165 1287 457 1331 refundendam,
484 1298 623 1321 nomen
648 1298 760 1321 suum
791 1299 868 1321 non
893 1289 1090 1333 apposuit,
1123 1300 1205 1322 mo-

66 1349 188 1384 ‹lestia
211 1348 355 1383 factum
379 1348 587 1394 simulans,
625 1349 727 1394 quod
751 1349 864 1383 malis
895 1349 1042 1384 artibus
1075 1355 1205 1385 actum

64 1410 192 1446 erat.“
239 1412 381 1446 Eadem
405 1410 527 1446 ferme
551 1410 603 1445 ait
627 1410 799 1454 ejusdem
819 1412 998 1447 sectionis
1022 1423 1125 1447 num.
1151 1415 1205 1455 5.,

64 1473 131 1507 ubi
164 1474 210 1508 de
236 1471 415 1507 Homjliis
444 1471 485 1506 in
517 1475 681 1510 Josuam,
737 1473 812 1509 Sed
848 1474 895 1509 de
928 1474 989 1510 his
1024 1486 1094 1511 suo
1118 1477 1203 1509 loco

66 1535 311 1570 disseremus.

156 1600 310 1631 Praeter
341 1600 573 1631 contractam
606 1597 712 1632 illam
752 1603 790 1632 et
822 1602 1033 1634 truncatam
1072 1599 1202 1635 Rufini

63 1657 440 1704 interpretationem,
465 1659 653 1694 habemus
680 1660 794 1694 Tomi
819 1660 932 1706 primi
958 1673 1034 1696 non
1059 1662 1204 1697 medio-

64 1731 127 1755 cre
151 1720 411 1766 fragmentum
435 1719 475 1754 in
500 1732 580 1766 cap.
606 1721 838 1757 Philocaliae
861 1724 935 1768 211„
951 1734 994 1757 ac
1010 1725 1104 1759 duas
1131 1724 1204 1758 mi-

63 1793 176 1817 nores
212 1781 369 1817 lacinias
400 1781 442 1816 in
474 1783 662 1830 Apologia
694 1784 898 1830 Pamphili.
941 1787 1116 1821 Socrates
1142 1785 1203 1820 hi-

64 1848 154 1879 stor.
181 1846 314 1879 eccles.
340 1843 427 1878 libr.
453 1847 531 1880 VII.
568 1857 650 1891 cap.
681 1847 735 1880 32.
762 1848 961 1893 observat,
995 1848 1203 1893 Origenem

63 1904 103 1939 in
129 1905 247 1951 priori
270 1907 405 1940 eodem
429 1908 551 1941 Tomo
575 1908 765 1944 latissime
782 1909 1023 1956 exposuisse,
1049 1922 1123 1955 qua
1140 1922 1202 1945 ra-

66 1968 169 2002 tione
200 1967 320 2002 Maria
367 1967 482 2014 Virgo
527 1969 696 2015 Deipara
741 1972 965 2007 diceretur..
1009 1972 1198 2018 Origenes

65 2029 149 2074 ipse
172 2029 238 2066 lib.
268 2032 310 2066 V.
342 2034 472 2064 contra
505 2029 660 2067 Celsum
695 2044 801 2069 num.
832 2035 887 2068 47.
922 2034 970 2069 de
1003 2033 1200 2069 circumci—

65 2091 173 2125 sione
199 2090 324 2136 egisse
350 2102 392 2126 se
415 2091 468 2126 ait
483 2093 775 2129 Commentariis
799 2095 838 2130 in
864 2095 962 2130 hanc
987 2097 1035 2130 ad
1058 2099 1199 2130 Roma-

64 2162 133 2187 nos
173 2152 387 2197 epistolam.
453 2154 611 2190 Sanctus
644 2156 811 2192 Basilius
844 2157 942 2192 libro
976 2158 1023 2192 de
1055 2157 1200 2203 Spiritu

63 2219 193 2249 sancto
217 2224 298 2259 cap.
323 2214 380 2251 29.
404 2217 530 2250 locum
547 2228 595 2251 ex
617 2217 756 2253 iisdem
771 2219 1064 2254 Commentariis
1081 2219 1200 2254 refert

63 2275 125 2311 his
149 2275 297 2313 verbis:
334 2278 371 2310 αἱ
402 2278 495 2326 ἱεραὶ
527 2277 702 2323 δυνάμεις
725 2283 927 2329 χωρητικαὶ
950 2283 1013 2317 τοῦ
1037 2293 1201 2328 noroy&-
