1320 2444
291 47 644 82 COMMENTARJORUM
670 45 742 79 Lm.
768 46 827 79 IX.
1063 48 1132 82 343

0 141 160 177 infirmari
183 139 218 172 in
242 140 320 172 fide.
365 139 452 172 Nam
482 136 627 171 infidelis
652 135 794 175 dicitur,
831 135 888 180 qui
920 150 993 169 non
1025 136 1130 171 habet

0 205 117 236 fidem:
140 200 294 234 infirmus
319 209 432 235 autem
449 200 485 234 in
508 200 585 239 fide,
607 197 665 242 qui
683 197 816 231 dubitat
836 197 872 230 in
895 208 992 243 parte
1016 198 1129 243 aliqua

0 263 84 298 fidei.

80 323 133 359 36.
159 322 380 367 Componens
415 323 515 364 igitur
550 322 733 366 Apostolus
764 321 849 364 in¹)
883 335 967 366 pace
1003 336 1128 367 corpus

0 386 161 425 ecclesiae,
185 386 280 418 dicit:
305 384 434 429 ‚,qui²)
451 385 644 423 manducat,
667 397 738 416 non
763 384 1028 416 manducantem
1052 397 1125 416 non

0 456 143 492 3pernat:
169 456 199 479 et
224 446 281 491 qui
305 460 376 479 non
407 447 600 485 manducat,
631 446 896 478 manducantem
927 458 1001 477 non
1031 444 1124 488 judi-

0 518 59 543 cet:
86 508 180 541 Deus
205 507 294 541 enim
318 508 414 541 illum
441 507 600 540 assumsit.
647 506 705 539 Tu
719 505 755 550 3)
788 506 860 550 quis
885 519 929 546 es,
952 506 1011 550 qui
1034 505 1125 551 judi-

0 582 44 603 :as
69 568 217 601 alienum
240 569 400 602 servum?
453 570 524 602 Suo
551 568 693 601 domino
718 577 791 607 stat,
816 577 874 600 aut
897 568 1001 601 cadit:
1023 567 1125 600 stabit

0 640 119 665 nutem:
153 639 265 675 potest
299 630 388 662 enim
422 629 516 662 Deus
549 639 694 663 statuere
726 630 862 663 ἰΠυηιειι
896 643 964 674 quo
997 629 1125 662 scilicet

0 706 49 738 ¹›er
71 693 155 725 haec
177 693 271 725 nulla
304 700 386 725 esset
415 691 504 724 inter
536 693 708 724 credentes
739 690 897 724 ciborum
932 704 1030 724 causa
1055 691 1122 724 dis-

0 754 107 788 ensio.
155 754 224 787 Sed
250 754 382 786 videtur
405 754 486 786 haec
502 753 627 786 Paulus
643 752 872 797 profundiore
893 752 999 793 magis
1022 765 1122 785 sensu

0 816 147 849 docatus.
201 815 319 859 Neque
351 815 441 848 enim
477 828 515 847 cx
548 814 805 847 circumcisione
836 813 1046 846 venientibus
1078 815 1122 847 de

0 877 122 910 :dendis
148 876 296 909 oleribus
321 876 373 908 lex
397 876 525 920 aliquid
557 877 792 915 mandaverat,
826 885 863 908 ut
887 875 964 919 ipsis
998 888 1123 908 conve-

0 939 58 971 tire
80 938 234 970 videatur
264 939 358 981 quod
383 937 442 970 ait:
467 937 595 981 ‚,qui‘²)
620 947 732 970 autem
756 937 912 970 infirmus
936 947 1000 977 est,
1026 938 1120 971 olera

0 1001 198 1033 nanducct.“
245 998 348 1030 Unde
381 1008 527 1038 constat,
564 1012 640 1032 eum
673 1000 714 1031 de
749 999 826 1032 cibo
851 999 946 1032 verbi
969 999 1028 1032 ista
1052 1008 1120 1032 tra-

4 1072 83 1101 tare,
108 1071 140 1094 et
163 1060 338 1093 infirmum
355 1060 467 1093 dicere
491 1060 606 1105 esse⁵)
630 1060 665 1093 in
690 1062 758 1094 fide
782 1074 871 1101 eum,
895 1061 953 1105 qui
977 1074 1048 1093 non
1073 1062 1118 1093 ita

0 1125 150 1156 nex-sectus
174 1131 221 1155 est
245 1122 406 1161 sensibus,
431 1131 467 1154 ut
491 1123 596 1166 possit
625 1135 763 1155 omnem
792 1122 909 1155 cibum
933 1122 1027 1154 verbi
1050 1121 1116 1153 Dei

0 1197 133 1225 umere,
165 1184 250 1217 sicut
274 1192 306 1215 et
328 1182 399 1227 ipse
424 1185 611 1228 Apostolus
641 1184 677 1216 in
702 1184 772 1217 aliis
798 1183 892 1216 dicit:
924 1184 1116 1228 „perfecto—

1 1260 56 1280 um
70 1246 105 1291 ⁶)
131 1254 243 1279 autern
268 1253 314 1278 est
338 1244 432 1277 cibus
455 1245 595 1284 solidus,
619 1258 749 1284 eorum,
774 1245 832 1289 qui
856 1258 920 1289 pro
946 1243 1116 1289 possibili*

0 1318 47 1341 ate
81 1307 238 1341 sumendi
268 1305 462 1339 exercitatos
498 1306 624 1338 habent
655 1320 770 1340 sensus
801 1308 844 1339 ad
876 1305 1114 1339 discretionem

0 1354 63 1402 :oni
87 1379 118 1402 et
141 1368 254 1401 mali.“
307 1367 351 1400 Et
381 1367 504 1400 iterum
539 1369 581 1400 ad
613 1368 696 1401 alios
727 1368 824 1401 dicit:
855 1369 927 1408 „lac
943 1367 978 1411 ⁷)
1015 1366 1112 1399 vobis

0 1440 100 1463 «otum
132 1431 228 1469 dedi,
259 1443 331 1462 non
364 1442 490 1462 escam:
523 1431 680 1463 nondum
715 1429 804 1462 enim
835 1429 1030 1474 poteratis.“
1070 1427 1115 1459 Et

3 1491 147 1536 nmquid
175 1491 219 1524 ita
251 1491 357 1535 inepti
382 1491 522 1530 erimus,
554 1501 590 1523 ut
614 1500 770 1535 putemus
793 1492 1017 1536 Apostolum,
1054 1489 1112 1534 qui

0 1553 94 1586 :issus
119 1562 166 1585 est
187 1553 384 1597 praedicare
413 1553 554 1585 verbum
578 1552 662 1593 Dei,
685 1553 786 1598 130⁵)
810 1563 961 1598 portasse
984 1564 1112 1590 secum,

71 1687 107 1730 ¹)
132 1687 189 1720 Sic
212 1696 302 1720 recte
326 1686 410 1720 Msc.
437 1686 517 1728 Reg.
542 1700 635 1719 num.
662 1687 759 1721 1639.
798 1686 911 1721 Ceteri
924 1699 1004 1719 vero
1030 1685 1110 1719 Mss.

0 1733 32 1765 in
55 1745 139 1777 pace
163 1734 268 1764 corda
294 1745 331 1764 ex
356 1732 405 1765 his
430 1733 540 1765 (licit.“
587 1732 634 1764 Ita
665 1732 762 1764 etiam
796 1732 875 1764 editi
906 1732 953 1776 (ν.
980 1745 1007 1764 c.
1032 1731 1108 1763 edd.

0 1778 62 1822 Ῑ.);
90 1778 152 1810 nisi
185 1778 280 1821 quod
314 1778 470 1811 omittant
492 1791 551 1818 „ex
576 1777 663 1817 his,“
697 1786 728 1809 et
752 1777 918 1810 habeant:
956 1776 1027 1817 „ls,
1050 1775 1108 1820 qui

0 1823 177 1856 :anducaw
202 1831 263 1854 etc.
287 1822 325 1854 R.

66 1878 103 1922 2)
128 1878 227 1911 Rom.
251 1878 344 1919 le,
366 1879 398 1913 3.
422 1880 452 1913 4.

67 1934 104 1976 3)
127 1934 258 1967 Verba:
283 1935 359 1974 „Tu
384 1935 456 1979 quis
482 1949 525 1974 es,
551 1935 660 1979 qui—
684 1933 840 1967 servum?
863 1933 935 1966 Suo
951 1946 1010 1964 —:
1028 1941 1106 1976 pot—

0 1988 23 2012 εἰ
46 1980 134 2012 enim
160 1980 253 2012 Deus
276 1989 419 2012 statuere
441 1982 570 2019 illum‚“
600 1979 802 2013 omittuntur
825 1979 858 2012 in
885 1979 980 2012 editis
1004 1978 1052 2022 (v.
1078 1989 1105 2009 c.

0 2025 51 2057 dd.
74 2024 161 2068 Μ.);
182 2025 242 2057 sed
265 2024 484 2058 restituuntur
508 2039 545 2058 ex
571 2025 730 2058 omnibus
753 2024 835 2058 Mss.
859 2024 899 2056 R.

66 2079 102 2122 ⁴)
127 2079 226 2112 Rom.
250 2079 342 2119 xlv,
365 2082 395 2115 2.

66 2134 102 2178 ⁵)
125 2135 165 2167 In
190 2134 285 2167 editis
308 2136 356 2180 (v.
374 2150 400 2170 c.
423 2138 499 2170 edd.
517 2137 586 2180 Μ.)
609 2136 903 2182 praetermittitur:
927 2137 1048 2176 „esse.“
1064 2132 1102 2165 R,

66 2191 102 2234 ⁶)
127 2190 232 2224 Hebr.
256 2190 298 2231 V,
321 2191 373 2225 14.
470 2192 506 2237 ⁷)
532 2193 546 2225 1
572 2193 653 2227 Gor.
677 2194 735 2233 ΙΙΙ,
758 2194 791 2227 2.

66 2246 103 2290 ⁸)
129 2246 184 2280 Sic
208 2246 293 2281 Msc.
317 2246 396 2289 Reg.
422 2261 513 2281 num·
542 2250 657 2291 1639.,
688 2250 866 2290 Rabanus,
889 2246 1102 2285 Salodianus,
