1377 2454
161 33 230 70 120
430 32 608 69 Omcms
631 45 669 70 m
690 36 753 70 ΕΡ.
779 45 828 71 An
852 36 1038 72 Rommos

159 125 287 157 borant
308 123 371 165 his,
395 124 453 170 qui
478 125 622 169 diligunt
645 127 782 168 Deum,
818 136 857 160 ut
881 136 914 160 et
936 127 1008 172 ipse
1032 126 1178 173 Spiritus
1200 127 1299 176 adju-

160 194 226 226 vet,
249 199 312 219 nec
337 186 538 230 dedignetur
562 188 675 222 divina
699 198 820 222 natura
846 190 913 222 dux
930 202 1000 223 esse
1014 189 1141 223 itineris
1166 191 1210 223 ad
1232 192 1298 223 bo-

158 260 254 282 num.
306 248 605 294 Verumtamen¹)
641 249 668 283 si
699 261 778 284 sunt
815 250 921 295 aliqui
952 252 1113 284 habentes
1144 251 1300 296 spiritum

160 308 327 343 servitutis
351 309 386 343 in
408 311 542 351 timore,
566 311 622 343 alii
646 325 727 345 vero
752 321 830 345 sunt
853 312 1044 356 superiores
1068 311 1130 352 his,
1150 312 1209 358 qui
1231 312 1300 358 spi-

161 370 265 404 ritum
290 371 484 417 adoptionis
510 372 697 417 accipiunt,
723 387 761 407 ex
787 387 846 414 eo,
871 374 965 418 quod
988 387 1061 407 non
1084 374 1153 421 jam
1176 375 1300 409 timore

161 433 288 473 Deum,
315 434 374 467 sed
399 447 515 466 amore
539 444 752 476 venerantur,
782 445 814 468 et
840 436 933 479 quod
958 437 1128 481 „perfecta
1141 436 1178 481 ²)
1200 436 1236 469 in
1259 436 1299 470 iis

162 494 280 527 caritas
304 496 396 528 foras
421 495 522 528 mittit
538 496 737 530 tim01·em:“
761 496 947 529 videndum
972 506 1030 537 est,
1054 511 1098 531 ne
1120 499 1209 532 forte
1226 511 1298 531 non

167 556 276 589 omnia
304 567 534 602 cooperentur
565 558 600 591 in
623 560 755 592 bonum
780 558 897 598 his,³)
925 558 982 603 qui
1007 560 1118 592 adhuc
1141 559 1178 592 in
1201 559 1298 604 spiri-

168 623 199 651 ‘u
222 628 425 663 permanent
443 619 623 661 servitutis3
647 621 706 653 scd
730 620 841 665 aliqua
859 619 998 664 quidem
1023 630 1253 666 cooperentur
1263 621 1300 666 ¹²)

167 679 261 714 stiam
285 680 373 725 ipsis,
398 694 470 713 non
486 690 599 714 tamen
624 682 757 724 omnia3
781 692 813 714 et
836 682 963 722 nescio,
987 682 1014 715 si
1031 683 1074 716 ad
1098 683 1209 728 ipsum
1233 683 1299 716 bo-

171 755 254 782 mm,
278 755 337 775 seu
361 742 492 786 potius,
524 751 562 776 ut
585 742 630 776 ita
652 743 811 784 dixerim,
844 745 886 777 ad
920 742 1038 789 januas
1063 744 1148 777 boni
1170 745 1298 789 perdu-

170 803 296 848 :ant.⁵)
343 803 405 837 His
429 817 529 845 vero,
569 805 627 849 qui
653 805 797 848 diligunt
820 806 947 846 Deum,
972 815 1004 838 et
1026 815 1101 840 toto
1127 805 1157 839 ei
1179 805 1298 839 inhae-

159 874 236 898 rent
259 864 405 899 caritatis
421 867 556 906 affectu,
581 866 706 907 omnia,
720 868 754 910 6)
776 876 815 900 ut
839 866 992 907 diximus,
1017 868 1243 908 collaborant,
1267 876 1301 900 et

156 925 285 973 juvant,
309 936 410 972 atque
434 927 563 972 aliquid
587 927 638 960 sui
661 927 762 961 studii
785 929 977 969 conferunt,
1000 938 1165 973 quatenus
1179 942 1237 962 eos
1260 928 1297 961 in

160 988 235 1033 ipso
262 990 369 1028 bono,
396 990 489 1033 quod
509 1002 686 1033 nunquam
701 999 812 1034 potest
827 990 1114 1035 permutationem
1137 990 1298 1035 recipere,

159 1050 375 1083 constituant.
433 1050 537 1093 Quod
570 1050 596 1083 si
629 1051 686 1083 alii
717 1061 810 1091 sunt,
845 1052 903 1097 qui
934 1051 1078 1094 diligunt
1107 1053 1240 1093 Deum,
1266 1061 1299 1086 et

158 1111 226 1152 alii,
252 1112 310 1156 qui
335 1111 490 1157 spiritum
523 1111 688 1145 servitutis
720 1112 909 1157 accipiunt,
943 1113 1129 1147 videndum
1153 1124 1219 1155 est,
1254 1128 1298 1148 ne

156 1174 248 1207 forte
274 1182 306 1206 et
329 1174 406 1213 hoc,
432 1174 526 1218 quod
552 1173 647 1206 dicit:
681 1174 769 1215 „his,
785 1175 822 1219 ⁷)
847 1174 905 1219 qui
929 1175 1116 1208 secundum
1140 1176 1299 1220 proposi-

157 1243 233 1267 tum
256 1234 366 1267 vocati
391 1239 506 1268 sunt:“
530 1244 578 1268 et:
603 1235 760 1280 ‚,quos⁸)
780 1236 967 1280 praescivit,
992 1246 1024 1270 et
1040 1237 1301 1281 praedestinavit

157 1297 354 1329 conformes
379 1296 452 1329 fieri
464 1295 500 1341 ⁹)
527 1296 678 1338 imaginis
703 1297 782 1330 Filii
805 1297 856 1331 sui
866 1303 894 1330 :“
925 1311 998 1331 non
1023 1299 1201 1332 conveniat
1222 1298 1299 1340 illis,

160 1357 219 1402 qui
243 1357 279 1390 in
304 1357 424 1402 spiritu
448 1357 613 1391 servitutis
637 1367 726 1391 sunt.
772 1358 919 1392 Possunt
944 1359 1034 1393 enim
1059 1369 1092 1392 et
1114 1359 1164 1392 illi
1188 1360 1299 1394 vocati

160 1418 301 1463 quidem
326 1418 410 1459 dici,
441 1432 513 1452 non
537 1428 651 1452 tamen
675 1421 884 1460 „secundum
900 1422 953 1465 ¹⁰)
975 1421 1213 1466 propositum“
1235 1436 1297 1456 vo-

158 1479 240 1513 cati:
266 1489 299 1513 et
324 1494 389 1524 pro
416 1493 467 1520 eo,
493 1482 586 1526 quod
611 1481 722 1513 adhuc
740 1480 774 1513 in
789 1481 907 1526 spiritu
922 1482 1087 1516 servitutis
1113 1492 1200 1525 sunt,
1223 1497 1296 1517 non

155 1550 300 1586 possunt
322 1541 422 1575 statui
446 1541 536 1575 inter
557 1543 683 1575 multos
707 1543 843 1583 fratres,
878 1557 1026 1588 quorum
1050 1543 1295 1589 primogenitus

157 1613 207 1637 est
230 1603 348 1644 „filius
363 1604 371 1623 ¹
386 1604 420 1649 ¹)
444 1603 586 1637 caritatis
596 1608 626 1643 ,“
651 1613 683 1636 et
706 1603 839 1646 „imago
857 1604 913 1649 ¹²)
933 1605 1107 1640 invisibilis
1132 1606 1232 1646 Dei,“
1257 1620 1296 1640 ac

156 1664 423 1709 „primogenitus
452 1665 561 1699 omnis
593 1670 798 1699 creaturae.“
860 1667 929 1700 Sed
963 1676 994 1699 et
1020 1667 1095 1708 hoc,
1122 1669 1216 1712 quod
1242 1668 1293 1701 di-

252 1786 286 1832 ¹)
310 1787 394 1820 Msc.
419 1800 506 1821 unus
529 1788 610 1831 Reg.
637 1789 739 1821 habet
762 1789 944 1829 „Verum,“
967 1802 1048 1833 pro:
1092 1789 1292 1828 „Verumta-

156 1836 267 1866 men.“
293 1833 336 1866 R.

250 1888 287 1934 ²)
312 1888 329 1920 Ῑ
351 1888 477 1921 Joann.
502 1890 560 1929 IV,
586 1890 638 1925 18.
732 1889 770 1933 3)
794 1889 882 1922 Edd.
906 1888 1064 1922 Mcrlini:
1087 1889 1135 1924 iis.

251 1943 288 1988 ⁴)
310 1943 398 1978 Edd.
422 1944 581 1979 Merlini:
609 1946 708 1979 etiam
732 1945 812 1990 ipsis
837 1955 1076 1990 cooperentur.

251 2000 287 2044 ⁵)
311 2000 401 2033 Edd.
425 2001 580 2034 NIerlini:
607 2004 847 2047 perducantur.

251 2055 288 2100 6)
314 2057 419 2089 Deest
442 2056 478 2089 in
504 2057 600 2090 editis
626 2059 672 2100 (v.
699 2072 725 2090 c.
752 2058 827 2090 edd.
852 2058 935 2101 Mff)
961 2058 1128 2097 „01nnia.“
1150 2059 1189 2092 R.

250 2112 286 2156 ⁷)
310 2113 410 2145 Rom.
436 2113 528 2150 VIII,
553 2114 608 2148 ⁶28.
702 2113 739 2158 ⁸)
764 2115 864 2147 Rom.
889 2113 980 2154 VIII,
1002 2114 1056 2148 29.

248 2168 287 2213 ⁹)
313 2168 383 2203 Cfr.
406 2183 439 2213 p.
465 2169 539 2203 119.
564 2179 632 2203 not.
659 2171 690 2204 6.
787 2170 843 2213 ¹⁰)
867 2170 968 2203 Rom.
993 2170 1085 2211 VIII,
1109 2170 1162 2205 28.

228 2223 285 2270 ¹¹>
312 2224 441 2258 Coloss.
467 2225 493 2266 l,
521 2226 573 2260 13.
671 2224 730 2270 ¹²)
756 2226 887 2260 Coloss.
914 2226 939 2266 Ῑ,
963 2227 1015 2260 15.
