1377 2454
204 42 271 75 182
476 42 654 77 Omessms
678 53 715 77 m
738 44 800 77 Ep,
825 52 872 77 An
898 43 1079 78 Rommos

204 132 321 163 locum
354 133 462 166 multo
495 134 706 175 digniorem,
742 133 802 167 ubi
833 134 948 167 Deum
987 133 1084 178 loqui
1116 143 1148 167 et
1172 134 1286 180 decuit
1312 145 1343 168 et

205 193 367 237 possibile
402 195 474 228 suit.
521 197 641 240 Neque
673 196 763 229 enim
799 205 1048 240 consequenter
1072 195 1165 229 Deus
1188 196 1286 240 loqui
1310 197 1345 230 in

207 256 394 296 montibus,
419 266 450 289 et
474 257 627 301 rupibus,
652 267 683 290 et
708 258 969 302 quibuscunque
981 257 1121 290 terrenis
1145 257 1229 291 locis
1253 259 1344 291 dice-

206 324 279 348 tur:
297 316 329 356 ’δ
353 319 410 351 sed
435 318 468 351 in
495 328 608 351 mente
632 318 782 352 hominis
802 318 955 363 loquitur
980 318 1085 358 Deus,
1109 319 1142 352 in
1167 333 1266 353 sensu
1291 335 1345 354 ra-

206 376 374 418 tionabili,
400 390 431 412 et
454 381 489 413 in
513 380 698 426 principali
723 380 852 413 cordis:
879 379 957 424 αἳ)
986 381 1032 413 ibi
1058 394 1134 413 cum
1160 382 1290 423 indigni
1316 393 1369 416 et¹

207 439 308 472 alieni
333 454 351 473 a
377 442 454 474 Deo
482 451 575 475 actus
599 442 806 475 conscientia
825 443 1050 483 redarguente
1074 444 1267 487 culpantur,
1289 444 1348 483 ibi,
1368 445 1369 450 ¹

206 499 366 544 inquam,
397 504 657 547 pronuntiatur,
687 503 735 536 ibi
767 503 890 536 dicitur
925 505 966 536 ad
999 504 1149 546 singulos
1182 518 1373 549 quosque,¹

209 563 287 606 quia
312 566 456 608 „non³)
482 566 578 609 plebs
610 579 687 598 mea
720 571 808 598 vos“
857 565 893 598 Si
925 579 1005 599 vero
1032 567 1194 599 emundet
1215 579 1250 599 se
1276 566 1350 610 quis

209 625 251 655 ab
277 625 336 663 his,
363 635 395 658 et
419 627 584 671 purificet,
609 637 640 660 et
662 641 747 672 „pax
761 626 796 672 4)
811 627 887 667 Dei,
912 641 999 672 quae
1021 636 1196 671 exsuperat
1209 640 1348 666 omnem
1374 631 1377 650 '=

207 692 390 727 mentem,“
416 702 477 721 cor
503 688 572 734 ejus
597 689 739 734 incipiat
754 690 933 729 custodire,
959 689 1016 727 ibi,
1041 689 1108 721 hoc
1134 698 1191 729 est,
1213 689 1248 721 in
1273 702 1350 722 cor-

207 749 255 781 dis
279 760 420 790 secreto,
446 751 609 795 pacificus
634 753 784 790 effectus,
808 751 895 784 filius
921 751 986 784 Dei
1019 750 1225 785 conscientia
1250 749 1350 783 adsti-

207 812 347 854 pulante
374 813 561 846 vocabitur.

298 874 349 907 19.
375 875 563 919 „Esaias⁵)
589 884 700 907 autem
728 876 852 907 clamat
877 888 941 920 pro
962 875 1062 908 lsrael
1075 879 1104 907 :“
1128 874 1253 918 ‚‚,‚si⁶)
1277 875 1351 906 fue-

208 933 249 966 rit
281 949 444 969 numerus
470 937 621 970 filiorum
651 937 754 969 Israel
784 945 947 980 tanquam
980 949 1080 968 arena
1116 935 1237 974 maris,
1272 935 1349 968 reli-

209 996 309 1039 quiae
334 999 444 1030 salvae
475 1000 567 1031 fient.
625 999 779 1030 Verbum
812 997 901 1030 euim
937 1011 1178 1030 consummans
1215 1006 1247 1029 et
1275 997 1352 1029 bre-

209 1058 349 1101 vians7)
375 1060 408 1091 in
435 1060 619 1103 aequitate:
646 1058 772 1102 quiaS)
797 1060 938 1091 verbum
956 1059 1144 1091 breviatum
1161 1058 1262 1091 saciet
1277 1058 1352 1090 Do—

209 1120 322 1153 minus
366 1135 470 1166 super
517 1125 700 1155 terram.‘¹“
770 1121 836 1160 „Et
872 1121 958 1153 sicut
1000 1119 1167 1165 praedixit
1200 1119 1353 1153 Esaias;“

210 1183 371 1226 ‚,‚,nisi⁹>
399 1184 570 1216 Dominus
597 1183 751 1215 Sabaoth
778 1182 965 1226 reliquisset
995 1183 1095 1215 nobis
1119 1195 1244 1221 semen,
1268 1182 1353 1215 sicut

212 1244 367 1277 Sodoma
392 1246 471 1279 facti
497 1258 660 1283 essemus,
697 1254 728 1277 et
751 1244 837 1277 sicut
861 1243 1060 1276 Gomorrha
1085 1243 1208 1276 similes
1235 1242 1351 1276 suisse-

212 1311 344 1338 mus.““
392 1307 508 1350 „Quid
534 1320 613 1347 ergo
642 1305 819 1339 dicemus?
870 1305 977 1349 Quod
1009 1305 1145 1345 Gentes,
1172 1318 1258 1349 quae
1281 1318 1352 1337 non

211 1369 427 1401 sectabantur
446 1368 616 1414 justitiam,
642 1368 979 1412 comprehenderunt
1000 1367 1170 1412 justitian),
1194 1365 1352 1410 justitiam

213 1438 338 1468 autem,
362 1443 448 1473 quae
474 1443 510 1462 ex
535 1431 603 1462 fide
628 1439 693 1463 est:
738 1430 838 1463 Israel
864 1439 974 1461 autern
1009 1439 1136 1462 sectans
1167 1429 1272 1470 legem
1299 1426 1351 1472 ju—

214 1489 329 1529 stitiae,
353 1491 387 1523 in
414 1492 520 1532 legem
546 1506 617 1524 non
643 1491 806 1536 pervenit.
854 1490 996 1534 Quare}>
1024 1491 1115 1533 Quia
1128 1503 1199 1522 non
1221 1490 1354 1530 exlege,

214 1553 273 1585 sed
298 1554 391 1596 quasi
417 1567 453 1586 ex
480 1555 642 1598 operibus
668 1554 890 1586 offenderunt
914 1552 949 1585 in
968 1552 1117 1596 lapidem
1143 1550 1352 1589 offensionis,

310 1715 344 1758 Γ)
369 1715 461 1748 Editi
486 1718 533 1761 (v.
559 1731 584 1749 c.
610 1719 686 1750 edd.
713 1717 797 1759 M.):
823 1716 997 1754 „dicitur.“
1024 1715 1062 1747 R.

308 1770 344 1814 ²)
370 1772 457 1805 Edd.
483 1774 638 1806 Mei-lini:
666 1782 694 1805 et
720 1772 780 1805 ubi
805 1785 882 1805 cum
911 1771 1009 1804 alieni
1034 1781 1066 1804 et
1089 1771 1219 1813 indigni
1245 1771 1353 1803 aDeo

216 1826 306 1848 astus
333 1826 392 1849 ete.

308 1872 344 1916 3)
370 1874 471 1908 Rom.
496 1876 555 1915 IX,
580 1875 633 1909 26.
659 1875 736 1906 coll.
763 1874 842 1906 Hos.
868 1874 893 1912 I,
922 1876 973 1908 10.

309 1927 346 1973 4)
369 1929 519 1975 Philipp.
546 1932 601 1970 lv,
629 1932 657 1965 7.
753 1930 788 1973 ⁵)
814 1931 915 1962 Rom.
939 1930 999 1969 IX,
1022 1930 1179 1963 27-33,

310 1984 349 2030 (ἢ)
371 1987 469 2021 Jesai.
494 1989 538 2027 X,
561 1990 613 2022 22.
638 1989 691 2022 23.
717 1988 793 2019 coll.
821 1986 920 2018 Rom.
945 1986 1005 2025 IX,
1031 1989 1086 2021 27.
1111 1988 1164 2020 28.

312 2042 347 2085 ⁷)
371 2044 460 2077 Edd.
487 2045 640 2077 Merlini:
667 2042 875 2076 abbrevians.

312 2098 348 2142 S)
373 2100 505 2133 Desunt
536 2101 569 2133 in
607 2102 683 2133 edd.
715 2100 761 2132 M.
799 2100 917 2131 verba:
954 2101 1052 2143 „quia
1078 2101 1219 2132 verbum
1245 2119 1296 2137 -—-,
1320 2099 1353 2130 in

218 2144 324 2183 legem
350 2159 422 2177 non
446 2147 606 2189 pervenit.
656 2143 798 2188 Quare?
834 2144 924 2187 Quia
951 2158 1009 2177 —-:
1044 2154 1075 2178 et
1109 2145 1166 2189 qui
1191 2145 1295 2177 credit
1320 2143 1352 2175 in

219 2201 307 2228 eum,
332 2203 403 2222 non
429 2191 630 2225 erubescet.⁴¹

313 2245 349 2289 ⁹)
373 2246 473 2280 Jesai.
497 2247 523 2287 l,
547 2249 577 2282 9.
605 2248 680 2281 coll.
707 2247 806 2280 Rom.
832 2246 892 2285 IX,
917 2247 969 2281 29>
