1377 2454
209 76 277 111 160
479 74 656 109 OmGEle
682 86 718 109 m
741 76 803 110 Ep,
828 85 875 110 AD
902 77 1081 112 Rommos

211 164 302 198 enim
318 164 352 208 ¹)
384 174 416 197 et
450 164 521 209 ipse
545 166 655 197 Jacob
687 165 786 199 dicit:
820 166 956 212 „vidi²)
977 167 1170 201 Dominum
1194 168 1280 202 facie
1304 171 1348 203 ad

210 226 343 266 faciem,
368 235 400 259 et
423 227 511 259 salva
536 228 623 259 facta
656 236 704 260 est
738 227 848 261 anima
880 233 987 261 mea.“
1032 229 1124 272 Ergo
1156 230 1233 275 quia
1266 230 1351 264 vidit

211 288 339 328 Deum,
363 287 466 321 Israel
490 289 678 333 appellatus
711 298 768 322 est.
816 289 886 333 Qui
917 303 998 323 vero
1028 304 1100 324 non
1132 292 1223 324 videt
1260 306 1350 332 eum,

215 350 274 395 qui
298 350 396 383 dixit:
421 350 551 394 „qui³)
576 364 631 382 me
652 350 758 391 videt,
783 351 874 383 videt
899 360 931 384 ct
954 357 1125 396 patrem:“
1149 353 1252 386 Israel
1277 367 1350 386 non

214 421 327 457 potest
351 411 426 444 dici.
483 413 575 451 „Nec
590 411 623 454 ⁴¹)
657 412 732 456 quia
758 426 871 445 semen
906 423 984 446 sunt
1008 415 1200 454 Abraham,
1233 428 1352 448 omnes

217 473 317 506 etiam
342 473 403 506 filii
426 477 534 506 sunt.“
582 473 659 506 Hoc
675 473 710 518 ⁵)
737 473 893 507 videlicet
915 473 983 520 jam
1007 485 1089 508 tunc
1115 476 1353 518 designabatur

216 536 253 568 in
278 536 461 574 Abraham,
486 548 563 567 cum
589 535 618 567 ei
641 536 767 569 multos
792 536 880 570 filios
904 537 1063 578 habenti,
1091 551 1176 583 quos
1202 538 1353 582 Aposto-

218 598 270 630 lus
295 597 382 629 filios
408 596 516 630 carnis
541 596 749 640 appellat‚⁶)
774 597 809 629 in
834 598 909 631 solo
934 599 1036 639 Isaac,
1062 599 1119 644 qui
1140 608 1210 632 erat
1235 612 1355 643 repro-

218 658 385 692 missionis
410 658 509 697 filius,
534 658 667 691 seminis
692 658 743 691 sui
766 659 944 703 posteritas
964 670 1160 704 poneretur.
1196 661 1241 693 Et
1264 673 1356 693 nunc

222 734 300 763 ergo
327 719 384 764 qui
415 720 602 752 secundum
634 720 723 753 Isaac
748 719 859 764 filii⁷)
892 721 1163 766 repromissionis
1193 732 1289 762 sunt,
1320 722 1357 755 id

223 792 280 822 est,
303 781 383 815 fidei
407 781 507 820 illius,
530 794 592 825 per
617 794 717 825 quam
742 781 1003 826 promissionem
1036 784 1210 816 Abraham
1234 783 1358 816 meruit

221 846 357 877 suturae
392 842 604 875 haereditatis
635 843 803 888 accipere,
837 844 900 888 ipsi
936 854 1068 878 tantum
1102 846 1308 889 deputantur
1321 844 1359 890 8)

222 906 258 938 in
291 918 423 938 semen:
461 903 498 936 in
510 903 545 948 9)
590 904 669 949 ipsis
709 905 798 938 enim
837 905 1051 939 haereditatis
1089 907 1254 940 successio
1301 908 1361 939 de-

224 968 379 1000 claratur.
396 967 402 984 ¹
416 967 452 1010 ⁰)

315 1029 367 1062 15.
392 1026 652 1066 „Promissionis
669 1028 724 1071 ιι)
759 1028 849 1061 enim
882 1030 1023 1061 verbum
1056 1030 1121 1061 hoc
1153 1038 1219 1062 cst:
1248 1029 1363 1074 ad¹²)

226 1092 292 1123 hoc
318 1098 450 1134 ternpus
475 1087 625 1127 veniam,
664 1098 696 1121 et
717 1089 779 1121 erit
804 1091 907 1123 Sarae
931 1089 1030 1124 filius.
1074 1090 1226 1135 Nonw)
1250 1091 1363 1124 solum

228 1161 360 1192 autem,
396 1151 454 1184 sed
468 1149 526 1194 ¹⁸²)
566 1159 597 1182 et
632 1151 786 1184 Rebecca
828 1165 866 1184 cx
900 1165 970 1184 uno
1011 1152 1196 1185 concubitu
1227 1153 1366 1193 habens,

325 1324 360 1368 ι)
383 1323 488 1355 Deest
510 1322 643 1362 ‚‚enim“
666 1323 701 1355 in
727 1324 803 1357 edd.
829 1323 877 1358 Μ.

322 1380 361 1424 ²)
388 1379 511 1412 Genes.
535 1380 683 1418 XXXII,
705 1380 758 1414 30.
854 1379 891 1422 3)
915 1379 975 1412 Ev.
1000 1380 1126 1417 Joann.
1149 1381 1242 1420 XIV,
1266 1381 1296 1414 9.

324 1436 361 1479 ἰ)
385 1435 485 1467 Rom.
511 1435 571 1474 IX,
597 1435 625 1468 7.
642 1435 786 1469 —Edd.
813 1436 860 1468 M.
884 1445 916 1468 et
940 1436 979 1468 R.
1006 1437 1072 1469 hoc
1097 1437 1186 1478 loco,
1211 1439 1270 1470 cfr.
1295 1450 1368 1482 pag.

233 1481 308 1517 159.
333 1489 404 1513 not.
430 1480 461 1514 3.
483 1480 613 1524 „qui-af*

320 1537 365 1615 ᾗ)
389 1535 483 1569 Editi
508 1536 554 1578 (v.
581 1549 607 1568 c.
635 1537 711 1570 edd.
733 1535 819 1581 M.):
850 1538 963 1577 „Haec
996 1538 1153 1571 discretio
1178 1537 1244 1584 jam
1271 1542 1370 1571 tunc“

237 1592 297 1616 etc.
357 1608 363 1615 .

328 1638 364 1682 ὃ)
389 1639 490 1670 Rom.
513 1637 573 1677 IX,
598 1639 629 1671 5.

329 1694 366 1738 ⁷)
391 1694 479 1727 Edd.
504 1693 664 1726 Merlini:
691 1694 962 1738 repromissionis
985 1695 1045 1729 filii
1069 1704 1156 1728 sunt.

330 1750 367 1795 ⁸)
391 1750 480 1783 Edd.
512 1750 561 1782 M.
596 1759 628 1782 ct
660 1751 703 1785 R.
733 1752 798 1784 hoc
830 1752 926 1793 loco,
961 1754 1019 1785 cfr.
1052 1765 1125 1797 pag.
1151 1750 1225 1787 159.
1248 1759 1318 1784 not.
1342 1749 1374 1784 6.

238 1796 466 1840 „deputantur
488 1795 522 1827 in
548 1809 615 1828 sem
621 1801 695 1829 en.“

331 1851 368 1887 ⁹)
393 1850 485 1883 Editi
509 1851 556 1896 (v.
581 1866 608 1884 c.
631 1853 707 1886 edd.
730 1852 815 1897 M.):
833 1863 887 1894 „et
904 1852 983 1898 ipsis
1007 1851 1219 1886 haereditatis
1244 1865 1373 1885 succes-

241 1895 290 1930 sio
316 1897 535 1930 declaratur.“
560 1897 600 1930 R.

307 1951 370 1995 ³⁰)
396 1951 478 1985 Msc.
501 1966 606 1985 unus:
632 1954 873 1992 ‚,collocatur.“
897 1955 938 1987 R.

315 2008 372 2051 ¹¹)
397 2008 496 2040 Rom.
523 2007 583 2046 IX,
608 2010 745 2043 9—13.

317 2063 373 2101 ¹²)
401 2063 522 2096 Genes.
554 2064 681 2104 XVIII,
713 2067 766 2099 10.
791 2086 832 2091 —
855 2067 944 2100 Edd.
979 2067 1028 2099 M.
1053 2067 1118 2099 hoc
1142 2066 1232 2105 loco,
1257 2068 1315 2098 cfr.
1340 2078 1373 2108 p.

245 2110 319 2145 161.
341 2109 430 2141 notis
455 2109 506 2141 12.
533 2117 565 2140 et
590 2110 640 2141 14.
665 2113 871 2150 „secundnm
897 2113 961 2145 hoc
987 2116 1141 2156 ῐοιιιριιειι
1167 2121 1227 2144 etc.

319 2165 375 2209 ι3)
399 2165 487 2197 Edd.
512 2164 666 2197 Merlini:
692 2167 771 2199 Non
795 2168 908 2200 solum
934 2177 1045 2201 aulem
1069 2167 1137 2207 illa,
1161 2168 1219 2200 sed
1245 2176 1305 2199 etc.

318 2220 376 2265 ¹4)
400 2222 484 2253 Msc.
509 2221 588 2262 Reg.
614 2235 705 2255 num.
731 2224 828 2257 1639.
855 2225 932 2264 „sed
948 2234 980 2256 et
1002 2225 1174 2257 Rebeccae
1193 2237 1231 2256 ex
1252 2235 1322 2255 uno
1339 2240 1377 2247 —

250 2267 378 2300 habens
404 2267 494 2299 Isaac
514 2267 602 2311 patri
626 2274 777 2302 nostro.“
799 2269 840 2302 R.
