1320 2444
319 74 671 109 Communmmonum
694 72 768 105 Lm.
792 71 852 105 IX.
1075 74 1142 108 329

14 174 72 208 cit:
96 179 127 204 et
149 170 214 203 hoc
238 180 310 200 non
333 165 447 204 semel,
471 164 530 197 sed
552 163 704 197 secundo
732 171 763 195 et
787 161 886 195 tertio
911 162 1040 207 repetit.
1075 163 1142 196 Vc-

11 236 71 268 lim
95 243 172 272 ergo
197 229 379 273 requirere,
405 226 583 271 quomodo
617 223 766 270 judex¹>
797 224 919 257 mundi
944 225 1010 257 Dei
1041 224 1144 257 mini-

10 305 75 330 ster
102 292 151 328 sit.
211 289 404 323 Invenimus
443 286 604 331 scriptum
637 285 673 318 in
714 284 853 318 Actibus
883 286 1144 330 Apostolorum,

11 357 88 401 quia
120 352 356 387 convenientes
393 349 428 383 in
460 361 566 381 unum
594 346 752 392 Apostoli
781 355 969 380 statuerunt
999 349 1144 388 decreta,

10 405 98 462 ¹quae
122 416 299 448 observare
324 412 523 445 deberemus
547 422 621 448 nos,
658 408 716 453 qui
741 422 777 441 ex
803 407 970 441 Gentibus
997 407 1145 441 credidi·-

11 476 133 520 mus²)
159 474 310 513 Christo,
337 472 372 505 in
397 471 518 516 quibus
543 472 625 503 haec
651 469 884 503 continentur:
917 468 1146 513 ‚,Apostoli³)

12 535 250 583 etpresbyteri
280 533 458 572 fratribus,
492 531 549 577 qui
561 531 597 576 4)
628 541 707 564 sunt
730 532 822 576 apud
849 530 1085 569 Antiochiam,
1116 540 1148 563 et

12 597 156 646 Syriam,
192 606 224 629 et
249 594 422 635 Ciliciam,
447 593 622 633 omnibus,
653 592 711 637 qui
736 606 774 625 ex
801 591 967 626 Gentibus
993 593 1148 625 credide-

11 668 107 699 runt,
147 659 299 691 salutem.
365 656 541 700 Quoniam
580 655 717 699 quidem
751 653 941 687 audivimus
980 655 1147 698 quosdam

13 720 113 754 exisse
136 719 265 753 anobis
279 727 310 751 et
333 718 534 763 perturbare
547 730 616 756 vos,
639 716 760 762 quibus
784 729 857 747 non
881 716 1149 749 mandavimus.“

10 782 54 815 Et
76 790 153 826 post
177 781 347 825 aliquanta
372 779 528 813 additur:
551 777 750 823 ,‚placuit⁵)
775 776 902 821 ergo⁶)
927 787 1043 811 sancto
1070 777 1149 821 Spi-

11 843 90 877 ritui
121 852 152 875 et
186 842 304 882 nobis,
340 841 426 874 nihil
469 840 614 885 amplius
643 840 831 885 superponi
861 839 955 872 vobis
985 839 1151 884 ponderis

11 913 145 949 praeter
169 917 217 943 ea,
241 917 328 948 quae
350 902 536 936 necessaria
559 911 646 942 sunt,
668 910 705 934 ut
728 901 920 935 abstineatis
936 915 996 934 vos
1021 903 1063 935 ab
1089 901 1151 938 his,

13 978 101 1011 quae
123 965 222 999 idolis
247 965 478 1002 immolantur,
503 973 535 996 et
557 963 737 1004 sanguine,
762 971 793 995 et
816 962 1000 1003 suffocatis,
1024 972 1056 995 et
1079 963 1151 996 sor-

12 1027 201 1060 nicatione:
227 1039 244 1059 a
270 1025 391 1071 quibus
416 1024 641 1058 custodientes
665 1033 792 1057 vosmet
812 1023 903 1068 ipsos
929 1024 1018 1056 bene
1041 1024 1152 1065 agetis.

14 1089 163 1122 Valete.“
199 1087 239 1120 In
259 1087 309 1121 his
334 1100 412 1129 ergo
436 1086 636 1131 praeceptis,
660 1085 695 1118 in
721 1085 842 1131 quibus
867 1085 948 1118 dicit
970 1085 1056 1119 nihil
1081 1099 1153 1118 am-

13 1150 102 1196 plius
126 1149 378 1194 imponendum
412 1162 481 1182 esse
506 1147 618 1181 oneris
643 1147 711 1186 his,
743 1147 802 1191 qui
828 1160 864 1179 ex
890 1146 1057 1179 Gentibus
1081 1159 1153 1178 cre-

16 1213 112 1250 dunt,
136 1210 200 1243 nisi
225 1220 262 1243 ut
286 1210 475 1244 abstineant
504 1223 538 1242 se
563 1210 605 1242 ab
636 1209 702 1249 his,
733 1222 819 1252 quae
843 1207 943 1241 idolis
969 1207 1151 1240 immolan-

14 1283 80 1313 tur,
106 1281 138 1305 et
158 1272 336 1313 sanguine,
362 1280 393 1303 et
417 1269 610 1309 suffocatis,
635 1280 666 1304 et
689 1269 930 1308 fornicatione,
955 1281 1066 1313 neque
1091 1269 1154 1301 ho-

15 1332 189 1367 micidium
213 1332 433 1379 prohibetur,
469 1345 580 1376 neque
613 1331 836 1371 adulterium,
871 1343 983 1378 neque
1013 1332 1154 1370 furtum,

15 1407 127 1439 neque
151 1394 381 1427 masculorum
407 1393 618 1433 concubitus,
636 1406 747 1437 neque
764 1400 873 1425 cetera
892 1392 1043 1432 crimina,
1068 1405 1155 1437 quae

17 1455 135 1489 divinis
160 1464 192 1488 et
216 1455 373 1489 humanis
397 1454 525 1496 legibus
547 1455 748 1499 puniuntur.
804 1454 911 1497 Quod
934 1453 962 1487 si
985 1453 1042 1487 illa
1069 1454 1154 1492 sola,

17 1530 105 1561 quae
127 1530 229 1561 supra
253 1516 518 1560 memoravit,⁷)
551 1517 762 1550 observanda
794 1515 875 1548 dicit
899 1528 968 1548 esse
993 1514 1155 1548 Christia-

17 1578 79 1619 nis,
103 1577 271 1613 videbitur
300 1577 339 1611 iis
370 1578 412 1613 de
444 1578 558 1614 ceteris
590 1578 719 1615 dedisse
748 1576 928 1612 licentiam.
987 1577 1056 1610 Sed
1080 1576 1156 1610 vido

191 1679 284 1686 ——-

111 1751 148 1795 ¹*)
173 1751 261 1786 Edd.
286 1750 440 1784 Merlini:
464 1751 583 1784 vindex
608 1751 729 1784 mundi
754 1760 815 1785 etc.

111 1808 149 1853 ²)
173 1808 266 1841 Editi
289 1808 336 1852 (e.
361 1821 387 1841 c.
415 1809 490 1841 edd.
514 1808 598 1851 Μ.);
623 1807 812 1848 „eredimus
838 1805 1005 1841 Christo.“
1026 1806 1065 1840 R.

112 1864 150 1908 ³)
179 1863 247 1897 Cst.
272 1866 345 1896 Act.
368 1863 444 1903 XV,
467 1864 519 1897 23.
543 1864 595 1898 24.

112 1918 148 1963 ⁴²)
173 1919 265 1952 Ediii
288 1919 336 1964 (v.
361 1933 388 1952 c.
414 1920 489 1952 edd.
515 1919 594 1962 M),
617 1929 647 1952 et
672 1920 751 1952 Mss.
775 1919 932 1963 quidam:
962 1920 1042 1964 „qui
1079 1930 1158 1953 sunt

19 1964 234 2004 Antiochiae,
259 1973 290 1997 et
313 1965 449 2011 Syriae,
488 1974 518 1997 et
544 1964 713 1998 Ciliciae.“
760 1965 828 1997 Sed
853 1965 935 1997 Msc.
961 1966 1040 2005 Reg.
1064 1979 1158 1998 num.

21 2010 118 2044 1639.
143 2018 174 2041 ct
199 2010 358 2042 Rabanus
382 2010 476 2042 utin
501 2020 618 2042 nostro
644 2019 751 2049 textu,
783 2009 846 2043 nisi
879 2011 974 2054 quod
998 2011 1159 2046 Rabanus

21 2053 143 2087 habeat
167 2059 268 2098 „per“
293 2067 375 2098 pro:
399 2056 542 2099 „apud.“
568 2054 607 2091 Β.

116 2109 152 2152 ⁵>
177 2112 249 2142 Aet.
275 2110 350 2149 xv,
371 2110 425 2144 28.
450 2111 504 2144 29.

114 2166 150 2207 6)
176 2164 267 2197 Editi
291 2164 338 2209 (v.
365 2178 392 2198 c.
416 2166 492 2198 edd.
518 2164 605 2210 M.):
631 2170 795 2206 ,‚autem.“
843 2167 911 2199 Sed
939 2179 1056 2199 omnes
1079 2166 1157 2200 Mss.

26 2218 56 2243 et
78 2210 256 2244 Rabanus:
281 2214 415 2252 „ergo.“
439 2210 479 2244 R.

117 2265 153 2309 ⁷)
178 2265 269 2299 Editi
293 2267 340 2311 (v.
368 2280 394 2300 e,
421 2267 497 2301 cdd.
523 2266 873 2310 M.):',‚rnemoravi.“
898 2265 938 2300 R.
