1377 2454
148 46 215 82 104
418 46 599 82 Omonms
622 57 659 82 m
683 47 745 82 ΕΡ.
767 56 816 82 An
842 48 1023 82 Rommos

148 145 218 169 tem
243 145 396 170 creatura
421 148 488 178 est,
521 151 608 184 quae
633 137 828 174 dolentibus
853 139 1034 179 condolet,
1065 146 1098 171 et
1123 151 1210 184 quae
1233 152 1290 182 ge-

148 198 320 233 mentibus
333 199 558 242 congemiscit.
584 200 709 235 Omnis
732 209 845 233 autem
863 209 1016 233 creatura
1029 201 1186 245 superior
1208 214 1290 244 ago-

148 273 209 293 nes
227 269 260 293 et
276 261 459 295 certamina
484 272 600 296 nostra
623 271 761 307 spectat,
785 271 819 294 et
843 262 938 295 dolet
962 275 1039 294 cum
1061 261 1239 303 vincimur,
1255 262 1291 308 ι)

149 335 229 355 cum
241 335 320 356 vero
332 322 496 357 vincimus
510 325 648 367 gaudet:
667 334 699 357 et
713 324 824 356 multo
837 323 924 368 plus,
939 336 1041 368 quam
1052 323 1163 363 nobis,
1176 323 1242 356 illis
1253 323 1291 368 2)

150 383 238 418 inest
254 386 401 427 gaudere
421 399 499 419 cum
524 386 758 429 gaudentibus,
784 395 816 418 et
843 385 960 418 dolere
984 399 1063 419 cum
1086 385 1292 419 dolentibus.

240 446 271 480 5.
295 448 398 487 „Non
410 447 446 493 ³)
477 448 590 481 solum
622 457 755 487 autem,
792 448 851 480 sed
883 456 916 480 et
953 461 1017 480 nos
1041 446 1104 492 ipsi
1127 446 1292 492 primitias

150 506 297 552 Spiritus
321 508 493 549 habentes,
520 509 620 542 etiam
633 509 671 554 4)
688 509 751 554 ipsi
770 508 856 542 intra
872 522 935 542 nos
953 509 1117 552 gemimus
1132 508 1292 553 adoptio-

150 582 231 601 nem
256 569 407 604 filiorum
433 580 679 616 exspectantes,
714 570 962 604 redemtionem
997 570 1151 616 corporis
1174 569 1293 603 nostri.

152 631 223 674 Spe
247 630 338 665 enim
361 633 442 666 salvi
472 632 552 666 facti
585 647 708 666 sumus.
757 633 841 677 Spes
866 642 998 673 autem,
1034 646 1121 678 quae
1149 632 1294 672 videtur,

150 705 224 725 non
249 702 298 726 est
321 708 407 739 spes.
446 694 553 738 Quod
579 694 668 728 enim
689 695 780 728 videt
804 694 889 739 quis,
914 694 997 739 quid
1014 694 1149 739 sperat?
1176 694 1294 739 Sed⁵)

153 753 181 786 si
206 755 301 799 quod
324 769 396 789 non
420 756 573 789 videmus
598 769 791 802 speramus,
820 769 882 801 per
904 755 1101 801 patientiam
1125 764 1295 800 exspecta-

153 821 262 849 mus.“
310 817 604 852 Consuetudinem
630 817 848 863 Apostolicae
872 817 1074 851 elocutionis
1100 831 1171 851 esse
1195 829 1296 862 saepe

153 876 345 919 docuimus,
369 892 446 913 cum
465 879 565 913 dicit:
590 893 683 920 „non
706 880 818 913 solum
843 880 1044 923 autem:“⁶)
1069 889 1102 912 et
1116 879 1200 912 nihil
1213 880 1295 913 sub-

154 936 273 983 jungit,
299 940 353 973 cui
380 941 488 986 aptari
513 942 645 981 debeat,
669 940 902 986 superioribus
927 940 1023 974 dictis
1048 954 1118 974 esse
1144 942 1296 974 referen-

155 1000 249 1040 dum,
273 1002 359 1035 sicut
385 1002 466 1048 et7)
492 1003 528 1035 in
551 1002 721 1047 praesenti
741 1002 890 1046 capitulo
910 1001 1051 1045 intelligi
1066 1004 1175 1035 datur.
1212 1003 1298 1037 Tale

156 1074 307 1107 namque
331 1073 389 1104 est,
417 1065 511 1109 quod
537 1063 649 1097 dicere
674 1063 823 1096 videtur:
847 1077 920 1096 non
935 1064 1046 1097 solum
1069 1063 1178 1097 omnis
1203 1077 1296 1097 crea-

154 1131 231 1156 tura
264 1125 482 1168 congemiscit
513 1135 545 1159 et
578 1126 763 1166 condolet,
795 1126 853 1158 sed
886 1135 919 1158 et
948 1139 1011 1158 nos
1041 1125 1105 1170 ipsi
1133 1126 1298 1171 primitias

157 1185 303 1229 Spiritus
329 1188 509 1227 habentes,
544 1187 632 1220 intra
663 1200 726 1221 nos
750 1186 924 1229 gemimus.
970 1187 1016 1220 Et
1038 1201 1102 1222 nos
1127 1187 1216 1221 enim
1242 1201 1297 1221 ex-

156 1257 346 1291 spectamus
371 1249 595 1293 adoptionem
619 1249 770 1282 filiorum
792 1248 868 1288 Dei,
895 1258 927 1281 et
948 1249 1196 1283 redemtionem
1222 1263 1298 1283 cor-

158 1308 251 1352 poris
277 1310 395 1344 nostri.
445 1310 607 1354 Quamvis
633 1312 699 1343 hoc
723 1310 797 1355 ipso
822 1308 908 1355 jam,
945 1311 1039 1354 quod
1066 1311 1200 1345 Christo
1226 1325 1299 1344 cre-

159 1369 281 1411 dimus,
307 1372 448 1404 salutem
474 1372 573 1405 nobis
598 1372 791 1416 praestitam
815 1371 1020 1412 noverimus,
1043 1381 1157 1405 tamen
1180 1373 1215 1406 in
1240 1386 1300 1418 spe

158 1433 271 1465 adhuc
302 1442 349 1467 est
380 1434 468 1467 salus
493 1433 573 1474 ista,
606 1433 727 1478 n0113)
762 1433 795 1465 in
829 1433 990 1477 adspectu
1022 1433 1213 1468 visibilium.
1262 1435 1299 1468 Si

161 1493 251 1527 enim
275 1494 343 1541 jam
368 1495 549 1535 videretur,
574 1509 646 1528 non
671 1495 789 1540 utique
814 1504 1015 1539 speraretur.
1062 1496 1184 1540 Sperat
1208 1496 1299 1530 enim

160 1554 249 1599 quis,
285 1565 322 1588 ut
349 1556 468 1590 videat.
525 1557 562 1591 Si
593 1571 673 1590 vero
707 1556 818 1589 videat
850 1570 936 1601 quae
966 1558 1141 1602 sperabat,
1179 1571 1298 1603 super-

255 1645 289 1689 ¹)
313 1645 406 1679 Editi
431 1646 478 1691 (c.
503 1660 529 1679 c.
555 1647 631 1680 edd.
655 1646 743 1690 M.):
768 1645 966 1686 „vincimur.
1006 1647 1094 1681 Cum
1120 1660 1199 1691 ergo
1225 1648 1297 1681 vin-

160 1689 266 1723 cimus
290 1692 434 1733 gaudet“
459 1701 519 1724 etc.
545 1692 575 1724 R

252 1747 290 1790 ²)
314 1747 353 1780 In
380 1748 476 1781 editis
500 1750 547 1793 (v.
574 1762 599 1782 e.
625 1749 702 1781 edd.
727 1748 796 1792 Μ.)
821 1748 930 1781 deest:
956 1747 1073 1789 „illis.“
1097 1750 1139 1783 R.

254 1802 292 1846 ³)
316 1804 417 1836 Rom.
443 1804 535 1844 VIII,
559 1806 614 1838 23.
638 1806 693 1839 24.
717 1804 771 1837 25.

254 1858 291 1903 ⁴²)
316 1859 409 1892 Ediri
444 1861 491 1905 (v.
523 1874 549 1893 e.
575 1861 651 1893 edd.
685 1860 772 1901 M.):
805 1869 859 1899 „et
892 1860 955 1903 ipsi
987 1859 1074 1893 intra
1107 1875 1170 1895 nos
1194 1863 1298 1905 gemi-

161 1917 247 1944 mus,
272 1905 493 1949 adoptionem
519 1906 671 1938 filiorum
696 1905 784 1938 Dei“
813 1914 874 1938 etc.
899 1905 941 1937 R.

255 1960 291 2004 ⁵)
316 1961 409 1993 Editi
433 1964 480 2006 (e.
506 1975 533 1995 c.
559 1963 635 1996 edd.
660 1961 746 2005 M.):
772 1960 831 2002 „Si
860 1970 973 1994 autem
998 1963 1093 2006 quod
1117 1976 1189 1997 non
1209 1963 1299 1998 vide-

162 2010 258 2040 mus“
283 2016 342 2038 etc.
368 2007 398 2038 R

257 2062 293 2104 fi)
319 2063 424 2095 Deest
448 2067 603 2101 „autcm“
628 2062 662 2095 in
688 2063 763 2095 edd.
789 2063 837 2096 M.

256 2118 292 2162 ⁷)
318 2117 539 2151 Desideratum·
563 2124 638 2158 ‚,et“
662 2118 696 2151 in
715 2119 789 2151 edd.
815 2119 864 2151 M.

255 2174 292 2217 ⁸)
319 2173 373 2208 Sic
398 2174 476 2207 Blss.
504 2186 631 2214 omncs,
656 2175 827 2214 Rahanus,
853 2184 883 2207 et
910 2175 1000 2215 editi,
1025 2174 1087 2208 nisi
1107 2178 1200 2219 quod
1225 2177 1298 2221 ple-

164 2219 260 2263 rique
283 2219 451 2264 (itcmque
483 2220 558 2252 edd.
584 2219 651 2263 M.)
688 2219 845 2253 omittant
875 2220 963 2259 ,‚in.“
1011 2222 1077 2253 Sed
1113 2230 1225 2255 tamen
1251 2223 1298 2255 le·-

164 2265 310 2306 gendum
337 2265 469 2298 videtur
493 2265 583 2311 (?):
608 2279 700 2306 „uon
725 2264 759 2298 in
784 2266 945 2311 adspectu
971 2265 1123 2300 visibili.“
1146 2267 1188 2302 R.
