1377 2454
176 80 222 116 78
451 78 630 112 Omenms
653 88 691 113 [Ν
714 78 776 112 ΕΡ.
800 86 848 112 An
874 77 1053 112 Romanos

175 168 323 203 vifieabit
350 178 383 202 et
405 168 563 201 mortalia
590 182 737 213 corpora
762 178 880 208 vestra,
904 177 1049 213 propter
1072 167 1319 202 inhabitantem

176 231 343 277 Spiritum
369 229 439 276 ejus
463 230 498 263 in
522 230 652 263 vobis.“
700 229 876 273 Quoniam
903 244 1004 275 supra
1039 230 1167 263 dixerat
1192 232 1233 264 de
1258 231 1319 272 his,

178 293 235 337 qui
261 294 303 326 ad
327 292 585 326 similitudinem
609 291 728 325 mortis
754 291 879 324 Christi
912 305 1057 336 corpora
1090 306 1148 325 sua
1173 292 1318 325 mortifi-

176 364 270 394 cant,
305 368 348 387 ne
372 362 530 399 peccent,
565 353 753 386 necessario
779 367 870 386 nunc
896 353 1107 387 mentionem
1133 354 1212 387 facit
1237 353 1319 400 ejus,

178 417 235 462 qui
259 415 425 449 suscitavit
451 414 623 448 Christum
648 428 665 447 a
690 415 852 454 mortuis,
884 415 968 459 ιη’)
1005 414 1107 448 simili
1138 416 1244 448 modo
1279 428 1318 448 ac

176 478 250 523 pari
275 477 417 517 ratione,
444 490 508 521 qua
534 476 741 509 commortui
764 486 841 509 sunt
866 486 898 509 et
923 475 1130 521 consepulti,
1155 476 1260 509 sciant
1283 490 1318 509 se

176 553 239 584 per
263 539 428 584 Spiritum
454 537 544 584 ejus,
578 538 636 583 qui
661 539 828 571 suscitavit
851 542 966 572 Jesum
992 552 1008 571 a
1034 537 1187 577 mortuis,
1212 537 1317 572 vivifi-

178 602 305 634 candos
336 613 414 639 esse,
449 610 481 633 et
505 601 547 632 ad
574 599 700 633 Christi
733 599 988 632 similitudinem
1020 599 1267 632 resuscitandos
1300 613 1319 633 a

176 662 329 695 mortuis.
366 662 410 694 Et
435 671 600 706 quatenus
625 662 659 694 id
686 662 752 701 fiat,
779 662 926 694 ostendit
951 661 1081 694 dicens:
1106 661 1318 706 „propter²)

175 725 421 758 inhabitantem
447 723 613 768 Spiritum
639 722 710 769 ejus
734 723 816 767 in3)
840 723 969 755 vobis.“
1023 722 1060 756 Si
1093 722 1183 755 enim
1208 723 1315 767 Spiri-

174 797 228 820 tus
254 786 378 819 Christi
402 785 530 818 habitat
556 785 590 818 in
615 784 781 830 nobis,⁴)
814 784 1039 817 necessarium
1064 784 1214 825 videtur,
1240 784 1318 829 Spi-

174 848 254 881 ritui
279 847 377 880 reddi
393 847 625 879 habitaculum
642 861 752 886 suum,
777 847 1012 890 templumque
1026 846 1162 880 restitui.
1178 846 1210 889 ⁵)
1248 847 1317 879 Ve-

173 911 234 943 lim
258 919 372 943 tamen
397 910 463 941 hoc
490 908 618 953 ipsum,
651 909 745 953 quod
777 907 900 940 dieitur
935 908 987 940 vel
1013 907 1156 952 Spiritus
1183 907 1318 947 Christi,

173 973 225 1004 vel
251 970 395 1015 Spiritus
410 970 487 1009 Dei,
511 971 563 1002 vel
581 969 679 1002 etiam
705 969 776 1013 ipse
794 969 947 1002 Christus
971 969 1006 1002 in
1031 968 1130 1002 nobis
1155 969 1318 1009 habitare,

175 1034 275 1078 quale
299 1032 340 1065 sit
364 1031 507 1064 intueri:
525 1030 561 1072 ὃ)
585 1041 783 1063 utrumnam
809 1044 847 1062 ex
863 1030 960 1063 initio
981 1030 1139 1064 omnibus
1153 1030 1215 1064 iste
1239 1031 1317 1075 Spi-

174 1095 256 1127 ritus
283 1095 392 1132 datur,
417 1102 449 1125 et
473 1094 696 1136 postmodum
720 1092 872 1136 pessimis
899 1102 931 1124 et
955 1105 973 1124 a
990 1093 1069 1124 Deo
1095 1091 1211 1125 alienis
1236 1092 1317 1125 acti-

172 1157 236 1188 bus
263 1156 441 1197 effugatur,
465 1155 654 1187 secundum
667 1154 765 1193 illud,
791 1154 885 1198 quod
899 1153 1061 1198 scriptum
1086 1163 1149 1187 est:
1174 1153 1316 1199 „non⁷)

173 1216 388 1262 permanebit
413 1215 604 1260 Spiritusss)
628 1229 724 1249 meus
748 1215 783 1247 in
808 1215 1004 1248 hominibus
1028 1214 1108 1255 istis,
1133 1215 1212 1260 quia
1237 1228 1315 1248 caro

172 1284 292 1312 suntz“
317 1292 361 1311 an
386 1278 471 1311 vitae
496 1277 637 1317 merito,
672 1287 704 1310 et
728 1277 808 1310 fidei
833 1276 935 1319 gratia
960 1277 1183 1320 postmodum
1208 1278 1318 1315 datur,

172 1342 360 1374 secundum
386 1354 444 1380 ea,
478 1353 564 1384 quae
588 1339 623 1371 in
649 1339 790 1372 Actibus
815 1338 1063 1382 Apostolorum
1089 1337 1315 1384 (ωορτηψ-,9)

173 1403 251 1447 quia
276 1402 421 1446 Spiritus
446 1410 581 1434 sanctus
604 1410 769 1445 tauquam
793 1400 928 1442 linguae
960 1398 1077 1441 igneae
1101 1399 1191 1432 venit
1214 1414 1317 1444 super

171 1476 453 1508 unumquemque
479 1476 618 1496 eorum:
643 1463 695 1495 vel
722 1472 811 1495 certe
835 1461 920 1494 sicut
944 1460 977 1493 in
1001 1461 1186 1504 Evangelio
1212 1462 1315 1494 doce-

171 1540 260 1566 mur,
286 1539 363 1558 cum
387 1525 458 1569 ipse
483 1525 648 1564 Salvator,
673 1533 896 1569 posteaquam
914 1523 1094 1557 resurrexit
1118 1536 1136 1556 a
1160 1523 1315 1565 mortuis,

271 1652 303 1697 ¹)
327 1651 421 1685 Editi
445 1652 493 1696 (v.
520 1665 545 1683 c.
571 1652 647 1684 edd.
672 1651 761 1693 Μ.)·
785 1661 844 1692 „ut
867 1650 1088 1684 similitudine
1109 1660 1140 1684 et
1160 1650 1235 1695 paui
1259 1664 1313 1684 ra-

172 1698 281 1737 tione,
313 1702 400 1742 qua“
433 1706 492 1729 etc
519 1697 599 1729 BIss.
627 1696 773 1740 aliquot:
806 1707 866 1736 „ut
891 1696 992 1729 simili
1018 1706 1049 1729 et
1072 1696 1146 1740 pari
1171 1696 1314 1737 ratione,

175 1748 262 1787 qua‘
288 1752 367 1783 (ηας
393 1743 432 1774 al.
460 1751 518 1781 „ut
546 1742 648 1774 simili
675 1744 794 1782 modo,
818 1747 907 1786 qu0“
933 1751 992 1775 etc.
1001 1766 1010 1780 ‚
1035 1741 1162 1774 omissis
1186 1741 1312 1774 verbis:

170 1799 227 1833 „et
250 1787 323 1832 pari
348 1797 487 1820 latione
492 1793 510 1806 “
558 1788 628 1821 Sed
651 1789 813 1820 Rabanus
837 1797 875 1819 ut
898 1787 934 1820 in
958 1796 1076 1820 nostro
1101 1796 1202 1819 textu.
1227 1787 1268 1819 R.

262 1845 299 1886 ²)
324 1844 425 1876 Rom.
450 1844 541 1883 VIII,
568 1845 619 1878 11.
716 1844 753 1887 3)
777 1843 841 1876 Ε(1.
865 1844 914 1877 M.
940 1844 973 1876 I:
999 1842 1035 1874 in
1057 1842 1167 1876 nobis.

263 1900 300 1945 ⁴²)
325 1900 388 1932 Ed.
412 1899 520 1932 Ruaei
545 1899 635 1932 sola:
660 1899 765 1932 vobis.

264 1959 299 2002 5)
324 1955 417 1989 Editi
441 1957 487 2000 (v.
514 1969 541 1987 e.
567 1956 643 1987 edd.
669 1955 737 1997 M.)
761 1968 957 1999 perperam:
990 1954 1142 1995 „restitui
1175 1955 1227 1988 vel
1251 1955 1309 1988 Je-

171 2016 254 2036 sum.
302 2002 433 2034 Tamen
460 2002 526 2033 hoc
550 2000 671 2044 ipsum,
697 2001 813 2044 quod“
842 2009 903 2033 etc.
927 2001 968 2033 R.

263 2058 300 2103 ⁶)
325 2057 416 2089 Editi
442 2058 488 2101 (v.
515 2070 541 2089 c.
568 2056 643 2087 edd.
669 2055 755 2100 M.:)
783 2055 966 2096 „intuere.“

265 2114 301 2159 ⁷)
327 2113 448 2146 Genes.
473 2113 531 2153 VI,
556 2114 588 2147 3.

262 2170 300 2214 8)
324 2170 458 2202 Desunt
480 2168 515 2201 in
541 2167 636 2201 libris
661 2177 758 2201 antea
793 2166 889 2201 editis
914 2168 963 2213 (v.
990 2181 1015 2201 c.
1041 2168 1117 2200 edd.
1142 2166 1211 2211 Μ)
1234 2178 1308 2198 ver-

169 2216 232 2249 ba:
258 2214 414 2260 „spiritus
439 2219 566 2252 meus,“
590 2214 631 2247 R.

265 2270 302 2316 9)
327 2271 400 2304 Aet.
424 2270 467 2312 11,
490 2271 522 2306 3.
