1377 2454
200 95 246 128 20
469 91 647 126 OmGEms
669 101 707 125 m
730 92 792 125 Ep,
817 99 865 125 An
890 91 1072 126 Romans

202 186 277 224 bus,
302 181 360 228 qui
391 181 478 227 in¹)
507 182 808 216 sanctificationem
839 190 935 224 sunt,
972 192 1005 216 et
1038 183 1080 215 ‹le
1111 181 1179 214 fine
1211 194 1343 219 eorum,

204 244 311 291 qui2)
345 253 393 277 est
423 245 489 277 vita
514 253 668 284 aeterna,
700 244 918 284 memoravit,
942 244 1035 284 vide,
1061 243 1139 289 quia
1161 243 1270 277 simile
1295 253 1344 276 est

202 309 269 340 hoc
295 305 385 339 dicto
416 306 619 350 prophetico
651 305 718 346 illi,
755 320 824 350 quo
839 305 876 351 ³>
904 306 966 339 ait:
1006 319 1089 347 „ego
1105 305 1142 350 ⁴¹)
1178 305 1343 341 occidam,

204 379 238 402 et
262 382 322 411 ego
350 367 459 401 vivere
483 367 645 400 {hciam:“
670 377 702 400 et
725 367 865 400 iterum:
891 367 1117 412 ‚,percutiam‚
1142 376 1175 399 et
1200 380 1262 408 ego
1289 379 1340 399 sa-

202 432 295 464 nabo
307 435 336 463 :“
362 439 394 462 et
418 443 552 462 rursum
575 429 611 461 in
635 429 722 461 Job:
746 428 886 474 ‚,{pse⁵)
911 429 1030 462 dolere
1053 428 1149 469 facit,
1174 442 1206 461 et
1230 441 1341 461 reme-

204 493 299 526 dium
325 494 398 525 dat:
428 491 591 537 percutit,
624 500 656 523 ct
688 504 809 523 manus
834 489 904 537 ejus
929 495 1056 524 sanat.“
1104 490 1203 534 Quae
1228 488 1341 522 omnia

202 556 284 588 illuc
309 553 518 598 adspiciunt,
549 553 644 596 quod
669 561 747 584 ante
770 552 989 585 moriendum
1019 562 1067 585 est
1091 566 1170 585 cum
1196 550 1341 590 Christo,

204 627 237 650 et
260 617 305 650 ita
330 615 595 648 convivendum:
622 623 654 647 et
674 623 752 646 ante
773 613 1062 659 compatiendum,
1087 623 1119 646 et
1148 614 1194 646 ita
1219 626 1341 645 conre-

203 679 386 720 gnandum.
431 676 506 709 Nisi
537 675 628 709 enim
658 675 752 719 prius
777 689 838 720 per
872 675 1119 721 poenitentiam
1149 683 1289 720 peccato
1304 674 1342 718 ⁶)

202 740 403 778 moriamur,
428 752 500 771 non
524 751 704 782 possumus
727 750 790 781 per
812 735 974 782 justitiam
1001 737 1111 770 vivere
1133 737 1223 770 Deo.
1273 736 1342 769 Sed

204 812 237 836 et
261 803 337 841 hoc,
365 801 459 846 quod
473 799 507 844 ⁷)
538 799 691 843 superius
716 798 814 831 dixit:
846 798 1048 843 ‚,liberati⁹)
1082 807 1194 831 autem
1220 812 1238 831 a
1262 810 1342 842 pec--

205 873 291 903 cato,
317 863 402 896 servi
427 861 506 894 sacti
531 862 605 894 estis
629 860 813 907 justitiae:“
844 874 936 893 nunc
961 869 1092 900 autem,
1125 873 1202 895 cum
1226 858 1342 892 simili—

202 936 255 959 ter
287 924 420 957 dixerit:
452 922 655 966 ‚,liberati⁹)
687 932 799 955 autem
825 935 843 954 a
874 926 1055 966 peccato:“
1087 935 1159 954 non
1189 921 1344 954 similiter

204 987 304 1021 dixit:
339 985 444 1026 „servi
476 984 556 1018 sacti
588 983 663 1017 estis
694 983 880 1029 justitiae:“
911 984 986 1016 sed:
1019 983 1126 1023 „servi
1156 982 1236 1016 facti
1267 982 1342 1015 estis

203 1050 323 1082 Deo:“
346 1060 419 1080 non
452 1055 500 1079 est
532 1046 640 1078 otiosa
666 1045 846 1078 distinctio.
894 1044 962 1078 Per
985 1046 1052 1078 hoc
1078 1044 1167 1078 enim
1192 1044 1343 1078 ostendi-

204 1120 270 1150 tur,
296 1109 400 1154 quod,
427 1116 651 1153 posteaquam
666 1107 739 1152 quis
759 1107 921 1139 liberatus
941 1120 959 1139 a
975 1116 1114 1151 peccato
1138 1106 1250 1146 fuerit,
1273 1119 1341 1139 ser-

204 1170 274 1205 viro
306 1172 409 1204 debet
439 1169 552 1214 primo
592 1168 738 1215 justitiae
769 1178 802 1201 et
836 1167 995 1201 omnibus
1019 1167 1198 1202 virtutibus
1232 1167 1343 1205 simul,

203 1244 241 1267 ut
264 1233 346 1266 inde
369 1246 432 1277 per
455 1232 649 1276 profectum
674 1231 858 1264 adscendat
887 1230 929 1263 ad
956 1231 1039 1269 hoc,
1070 1239 1108 1262 ut
1141 1242 1255 1262 servus
1285 1229 1344 1261 fiat

204 1296 294 1335 Deo,
334 1292 486 1339 quamvis
522 1302 555 1324 et
585 1292 707 1325 servire
748 1291 911 1337 justitiae,
945 1291 1139 1335 servirem)
1175 1291 1216 1323 sit
1253 1291 1341 1324 Deo.

205 1356 358 1389 Christus
385 1364 432 1387 est
457 1353 547 1387 enim
573 1352 707 1399 justitia,
733 1362 765 1385 et
789 1352 911 1386 servire
938 1352 1084 1391 Christo,
1115 1353 1237 1385 servire
1263 1353 1342 1385 Deo

203 1428 260 1450 est.
307 1418 369 1450 Est
392 1426 504 1449 tamen
531 1417 618 1448 ordo
644 1416 880 1459 profectuum,
913 1414 1017 1457 et¹¹)
1046 1423 1124 1446 sunt
1147 1414 1184 1446 in
1211 1414 1342 1447 virtuti-

202 1481 267 1512 bus
291 1479 429 1521 gradus:
456 1487 489 1510 ct
512 1476 640 1510 idcirco
667 1476 790 1509 dicitur
816 1475 968 1509 Christus
993 1488 1150 1517 regnare,
1184 1476 1340 1520 profecto

200 1541 390 1574 secundum
421 1541 506 1579 hoc,
545 1540 639 1583 quod
672 1537 797 1584 justitia
833 1547 898 1577 est,
933 1538 1043 1569 donec
1069 1536 1104 1569 in
1129 1550 1342 1581 unoquoque

202 1604 414 1647 compleatur
438 1600 617 1646 plenitudo
650 1599 834 1633 virtutum:
869 1598 929 1632 ubi
954 1612 1033 1631 vero
1058 1611 1216 1632 mensura
1240 1598 1342 1632 fuerit

296 1710 330 1753 ¹)
355 1709 447 1742 Alias
485 1708 533 1752 (v.
572 1721 598 1742 c.
636 1707 671 1740 in
708 1707 759 1741 ed.
794 1706 844 1740 M.
880 1705 948 1750 ἶ.);
983 1704 1047 1745 „in
1077 1704 1339 1739 sanctificatione

200 1760 309 1788 sum.“
332 1756 372 1788 R.

293 1811 330 1855 ²)
354 1811 419 1844 Ed.
444 1808 553 1843 Ruaei
578 1810 666 1842 sola:
694 1820 780 1853 quae
806 1817 854 1840 est
877 1816 938 1840 etc.

292 1867 330 1911 ³)
355 1867 419 1899 Ed.
443 1866 570 1898 Ruaei:
598 1878 666 1909 quo
692 1863 763 1908 ipse
788 1863 843 1897 ait.

294 1922 330 1967 ⁴)
354 1923 458 1956 Deut.
483 1921 631 1959 XXXII,
654 1920 709 1954 39.
805 1920 840 1964 ⁵)
864 1920 945 1952 Job.
969 1919 1011 1958 V,
1036 1919 1088 1952 18.

293 1979 331 2023 ⁶)
355 1979 445 2012 Edd.
469 1976 626 2010 Merlini:
652 1975 841 2008 moriamur
863 1984 1015 2019 peccato.

295 2035 330 2079 ⁷)
354 2033 449 2067 Editi
472 2033 519 2077 (v.
546 2046 571 2066 e.
597 2033 673 2066 edd.
698 2032 784 2075 M.):
820 2030 921 2075 „quia
945 2029 1098 2075 superius
1123 2030 1272 2064 dixerit.“
1297 2032 1336 2063 R.

291 2091 329 2135 ⁸)
351 2091 453 2123 Rom.
477 2090 536 2129 VI,
563 2089 615 2124 18.
709 2087 746 2132 ⁹)
770 2087 870 2119 Rom.
895 2087 954 2126 VI,
978 2087 1032 2121 22.

272 2147 330 2192 ¹⁰)
354 2147 444 2179 Edd.
468 2145 625 2178 Merlini:
651 2143 774 2177 servire
798 2143 875 2175 Deo
900 2142 951 2176 sit.

276 2202 333 2248 ¹¹)
361 2203 467 2235 Alias:
502 2210 555 2240 „et
587 2210 665 2233 sunt
687 2199 898 2245 profectibus
923 2200 1083 2241 gradus;“
1109 2200 1156 2231 al:
1181 2208 1234 2238 „et
1258 2209 1336 2232 sunt

199 2248 409 2294 profectibus
434 2256 466 2280 et
489 2246 668 2279 virtutibus
692 2246 844 2287 gradus.“
868 2245 908 2278 R.
931 2265 971 2270 --
987 2245 1077 2279 Edd.
1099 2244 1256 2278 Merlini:
1281 2254 1335 2286 „et

200 2304 278 2328 sunt
307 2292 516 2339 profectibus
549 2292 601 2325 vel
631 2290 810 2324 virtutibus
835 2290 988 2333 gradus.“
