1320 2444
140 68 208 105 344
413 65 590 100 Omessms
613 75 651 100 m
673 64 736 99 Ei).
759 71 807 99 An
835 65 1016 102 RomAuos

149 158 245 204 quod
271 155 458 190 Corinthiis
480 165 603 201 potum
628 155 748 190 daret?
794 156 864 190 Sed
887 156 1103 190 manifestum
1129 164 1186 196 est,
1210 156 1293 191 haee
1316 166 1320 183 '⁴

152 234 232 255 eum
257 221 300 253 de
325 218 486 264 qualitate
508 218 605 251 verbi
635 217 818 262 proloqui,
852 226 885 251 et
908 227 1089 263 propterea
1115 218 1244 252 dicere:
1267 219 1294 253 si

1315 99 1320 126 Ι

1316 148 1320 164 ι

1317 192 1320 225 ἶ

155 283 229 328 quis
254 281 426 315 infirmior
457 289 504 313 est
535 279 695 320 sensibus,
719 288 751 312 et
773 293 847 312 non
872 288 920 313 est
942 279 987 312 ita
1010 281 1180 325 perfectae
1203 280 1294 322 fidei,
1319 284 1320 287 ’

153 354 193 377 ut
219 344 262 376 de
283 341 521 376 secretioribus
544 341 709 388 mysteriis
725 341 836 385 capiat
847 342 999 381 verbum,
1022 355 1095 375 non
1112 342 1145 388 ¹)
1172 343 1296 376 debere

155 405 186 439 ei
209 418 273 450 per
298 418 346 445 ea,
372 416 459 449 quae
482 403 668 445 intelligere
692 416 765 435 non
788 412 916 447 potest,
948 403 1206 448 disceptationes
1235 417 1295 437 co-

155 466 357 511 gitationum
387 464 528 498 moveri.
581 464 745 508 ‚‚Alius²)
778 463 884 504 enim,
916 463 1046 509 inquit,
1071 465 1176 498 credit
1199 478 1296 498 man-

159 531 285 563 ducare
311 527 458 560 omnia.“
513 526 592 559 Non
624 539 687 571 per
715 526 798 558 haec
822 525 949 559 Paulus
974 528 1017 560 ad
1042 527 1158 560 omnia
1183 540 1299 560 come-

158 591 271 624 denda
297 589 482 632 discipulos
507 587 678 628 hortatum
700 600 763 620 nec
789 588 885 628 gulae
911 597 942 620 et
964 588 1098 630 gurgitis
1123 598 1170 622 est
1192 588 1300 630 magi-

157 661 242 685 ster:
267 651 325 683 sed
353 651 393 682 de
416 650 479 682 illis
504 649 576 683 sine
609 648 715 681 dubio
743 649 841 689 dicit,
873 662 1020 694 quorum
1045 650 1129 684 fides
1152 652 1299 695 perfecta

161 722 226 753 est,
263 722 294 745 ct
324 712 425 745 nullis
456 711 491 743 in
523 712 628 743 verbo
664 709 731 743 Dei
764 711 1021 744 discretionibus
1050 712 1302 757 impeditur23)

161 787 247 819 quos
270 774 360 806 idem
388 774 572 817 Apostolus
596 772 631 804 iu
657 772 728 805 aliis
751 772 938 816 spirituales
965 775 1122 818 appellat,
1148 787 1226 806 cum
1252 773 1304 806 di-

161 835 225 868 cit:
251 834 453 880 „spiritualis
466 833 502 877 4)
527 843 639 866 autem
664 833 831 866 examinat
856 835 1004 867 omnia.“
1041 835 1116 880 Ipse
1141 844 1188 868 est
1212 848 1302 877 ergo,

161 898 204 930 de
228 910 296 941 quo
313 896 367 928 liic
382 896 477 928 dicit:
502 894 655 940 ‚‚atius⁵>
674 904 785 928 autem
807 897 913 928 credit
926 897 1136 930 manducare
1158 896 1305 929 omnia.“

161 957 323 1003 Denique
349 967 380 989 et
406 956 596 1000 Apostolis,
628 966 808 1001 antequam
835 958 1000 1002 Spiritum
1030 967 1182 991 sanctum
1216 958 1305 991 acci-

165 1028 304 1065 perent,
341 1018 518 1051 dicebatur
555 1031 572 1050 a
603 1018 779 1051 Domino:
815 1018 992 1062 „multa⁶)
1029 1019 1141 1052 adhuc
1178 1020 1303 1063 habeo,

166 1094 254 1125 quae
278 1081 402 1124 loquar
426 1080 538 1121 vobis3
570 1081 630 1113 sed
653 1093 725 1113 non
749 1079 887 1124 potestis
913 1080 1019 1125 illa⁷)
1044 1081 1151 1113 modo
1177 1080 1305 1115 audire.

167 1141 290 1175 Veniet
313 1151 424 1174 autem
449 1141 657 1186 paracletus,
692 1141 837 1186 Spiritus
861 1141 1020 1183 veritatis,
1052 1141 1130 1186 (ηδ)
1153 1142 1226 1186 ipse
1248 1155 1307 1175 vos

169 1204 309 1237 docebit
342 1203 488 1236 omnia.¹‘
542 1203 607 1237 Ista
638 1212 717 1236 sunt
748 1215 826 1244 ergo
861 1204 994 1245 omnia,
1032 1216 1119 1248 quae
1155 1202 1308 1248 credit9)

168 1266 379 1298 manducare
403 1265 446 1304 is,
478 1264 536 1309 qui
559 1278 624 1309 pro
649 1263 729 1297 fidei
752 1265 962 1308 perfectione
985 1279 1049 1310 per
1071 1265 1210 1306 gratiam
1233 1278 1310 1299 san-

171 1328 214 1361 cti
246 1327 390 1372 Spiritus
423 1340 526 1371 capax
556 1325 651 1359 verbi
681 1326 870 1360 secretioris
902 1327 1066 1361 exstiterit.
1121 1326 1233 1359 Habet
1261 1335 1311 1377 ta:

169 1402 251 1422 men
276 1398 308 1422 et
330 1390 484 1422 infirmus
510 1389 605 1433 quod
628 1397 737 1422 sumat
762 1401 800 1421 cx
824 1389 930 1421 verbo
956 1388 1034 1429 Dei,
1059 1399 1091 1423 et
1115 1397 1162 1422 est
1184 1387 1310 1433 species

174 1509 207 1533 et
230 1499 398 1533 Merlinus
432 1500 485 1544 (in
518 1501 569 1532 ed.
604 1499 628 1532 I.
661 1509 692 1532 et
715 1499 785 1545 lt).
845 1500 924 1533 Mss.
949 1513 1028 1534 vero
1055 1499 1212 1544 quidam:
1236 1501 1309 1540 „lac

174 1554 336 1589 portasse,
358 1546 548 1577 secundum
573 1545 668 1588 quod
694 1545 739 1577 ait
762 1546 805 1578 ad
832 1544 1039 1586 Corinthios,
1063 1554 1100 1577 ut
1113 1554 1233 1590 potum
1252 1547 1310 1578 da-

174 1594 258 1623 ret.“
283 1589 542 1623 Genebrardus:
567 1591 640 1628 „lac
663 1600 833 1634 portasse,
863 1592 1050 1624 secundum
1074 1591 1168 1635 quod
1187 1590 1310 1624 Corin-

175 1635 254 1669 thiis
278 1644 399 1679 potum
426 1636 551 1668 daret.“
576 1634 615 1666 R.

272 1691 308 1743 ¹>
334 1690 428 1723 Editi
457 1689 505 1734 (v.
531 1703 558 1722 c.
584 1691 662 1723 edd.
687 1689 773 1735 Μ.>;
804 1704 897 1731 „non
930 1692 1055 1725 debere
1078 1705 1154 1725 eum
1179 1704 1241 1736 per
1264 1704 1312 1730 ea,

176 1749 263 1780 quae
287 1736 474 1776 intelligere
505 1749 577 1769 non
600 1744 726 1780 potest,
751 1735 1048 1781 disceptationibus
1073 1738 1312 1779 cogitationum

177 1781 341 1814 moveri.“
368 1781 408 1814 R.

270 1836 305 1879 2)
332 1836 432 1869 Rom.
458 1836 551 1876 XIV,
576 1837 606 1870 2.

272 1892 310 1936 ³)
331 1891 424 1924 Editi
457 1893 504 1935 (v.
536 1907 563 1926 c.
597 1895 648 1926 ed.
680 1893 728 1926 M.
754 1893 833 1938 II.):
865 1893 1080 1939 ‚,impedita.“
1111 1893 1151 1927 R.
1184 1911 1229 1920 --
1249 1891 1312 1925 Ed.

180 1937 228 1971 M.
252 1937 278 1970 I.
302 1949 501 1981 perperam:
526 1938 762 1983 ‚‚impeditus.“

273 1991 310 2037 ⁴)
335 1992 350 2024 I
375 1992 454 2025 Cor.
481 1993 522 2033 II,
548 1995 600 2028 15.
695 1994 730 2039 ⁵)
756 1995 855 2029 Rom.
879 1996 972 2036 XIV,
995 1997 1027 2030 2.

273 2049 310 2093 6)
333 2048 394 2081 Ev.
421 2048 547 2083 Joann.
578 2049 679 2091 XVI,
713 2052 766 2089 12.
792 2052 844 2085 13.
867 2071 911 2078 -—
933 2053 997 2087 Ed.
1021 2052 1069 2087 M.
1095 2053 1129 2086 I:
1155 2063 1240 2097 quae
1263 2049 1314 2083 lo-

181 2108 270 2140 quar
295 2095 338 2127 de
361 2093 466 2126 vobis.

276 2149 313 2195 ⁷)
338 2150 429 2187 Edd.
454 2149 607 2184 Merlini:
632 2151 689 2185 illa
714 2152 831 2187 audire
856 2154 974 2189 modo.

275 2206 311 2249 3)
340 2206 444 2239 Deest
467 2211 540 2245 „et“
564 2207 599 2240 in
624 2209 700 2241 edd.
725 2209 774 2243 M.

274 2261 310 2304 9)
335 2262 424 2295 Edd.
450 2262 605 2299 Merlini:
631 2264 788 2299 creditur.
