1320 2444
142 65 211 101 366
415 62 594 98 Omenms
616 71 654 96 m
676 61 739 95 ΕΡ.
762 60 1015 95 itu-Romanos

145 169 214 190 csse
239 167 435 195 commune,
458 153 521 199 ipsi
546 165 732 186 commune
763 156 842 186 est.“
888 152 932 185 Et
955 167 998 187 ne
1022 153 1162 194 mireris,
1187 156 1282 199 quod

145 217 304 260 cogitatio
330 215 451 249 mentis
476 215 603 255 cibum,
626 215 684 259 qui
708 223 830 248 natura
853 215 904 248 sui
920 215 1112 249 communis
1129 216 1179 249 vel
1205 217 1282 261 pol-

145 281 235 313 lutus
265 292 337 311 non
362 287 427 318 est,
458 277 557 310 saciat
582 278 773 322 pollutum,
802 289 881 309 cum
913 289 931 309 e
962 277 1136 311 contrario
1167 277 1282 311 cibum

144 354 224 374 vere
245 341 430 386 pollutum,
454 359 496 365 —
521 351 598 372 vere
623 339 712 372 enim
737 338 890 383 pollutus
915 347 978 379 est,
1004 340 1062 384 qui
1093 339 1195 373 idolis
1218 340 1283 372 im-

144 404 296 436 molatur
319 400 579 445 -,simplicitas
603 400 733 439 mentis,
758 400 837 444 et¹)
856 401 949 434 nulla
967 401 1178 443 cogitationis
1191 415 1284 435 scru-

143 464 307 510 pulositas
330 463 464 509 injecta,
489 463 585 496 omni
614 461 809 507 suspicione
842 461 1141 496 contaminationis
1172 463 1284 496 absol-

144 536 208 560 vat.
253 526 299 559 Et
323 538 455 558 rursum
469 525 506 569 2)
532 524 630 557 etiam
646 524 674 557 si
697 524 846 557 mundus
862 524 904 556 sit
928 524 1033 565 cibus,
1056 523 1284 569 suspicionem

145 598 258 622 tamen
285 587 404 632 aliquis
428 586 594 631 patiatur,
625 585 720 630 quasi
757 587 852 630 quod
884 586 985 620 idolis
1014 587 1208 620 immolatus
1235 585 1287 627 sit,

145 649 256 695 pollui
290 649 414 682 dicitur
450 661 514 693 pro
556 647 782 680 conscientiae
820 649 994 693 scrupulo.
1048 648 1157 693 „Si³)
1194 648 1284 681 enim

144 720 290 756 propter
313 711 428 743 cibum
452 709 602 751 frater4)
626 718 701 742 tuus
725 709 952 750 contristatur,
975 723 1048 742 non
1070 709 1140 756 jam
1165 723 1285 743 secun-

146 775 229 806 dum
265 772 439 806 caritatem
471 772 634 805 ambulas.
682 770 763 805 Noli
796 772 874 804 cibo
907 781 966 804 tuo
1000 772 1097 805 illum
1131 772 1286 817 perdere,

144 847 211 879 pro
237 847 307 879 quo
333 833 485 867 Christus
515 842 672 865 mortuus
697 836 776 866 est.“
832 833 921 866 Cum
946 834 1114 867 definisset
1139 834 1287 878 Aposto-

144 897 212 930 lico
239 897 413 938 dogmate,
446 909 508 940 per
536 895 731 927 Dominum
761 894 880 928 Jesum
909 895 996 929 nihil
1021 907 1207 928 commune
1231 903 1289 928 aut

145 958 365 991 immundum
397 966 518 990 natura
551 956 602 990 sui
625 956 838 1001 putandum,
873 966 905 990 et
934 957 1078 990 dedisset
1107 968 1183 998 erga
1208 970 1287 990 usus

146 1020 307 1053 ciborum
339 1019 497 1052 fidelibus
536 1018 728 1062 quibusque
765 1018 1048 1052 absolutissimam
1088 1018 1289 1059 libertatem,

146 1094 262 1114 rursus
286 1081 329 1113 ad
352 1079 628 1113 aedificationem
652 1080 791 1114 fraterni
817 1080 943 1114 amoris
966 1080 1135 1114 licentiam
1161 1089 1290 1113 resecat

146 1142 322 1182 libertatis,
347 1151 378 1175 et
403 1141 500 1175 dicit:
526 1141 677 1185 etiam⁵)
700 1142 728 1175 si
753 1155 937 1175 commune
960 1142 1045 1175 nihil
1069 1151 1132 1182 est,
1157 1150 1189 1174 et
1209 1154 1288 1174 usus

149 1205 304 1238 omnium
331 1204 489 1238 ciborum
513 1203 654 1236 licenter
678 1203 876 1244 admittitur,
900 1214 1012 1237 tamen
1037 1213 1084 1245 tu,
1101 1204 1127 1238 si
1145 1212 1289 1249 propter

148 1267 283 1306 cibum,
321 1278 422 1311 quem
445 1265 537 1299 licito
552 1265 587 1310 6)
623 1275 722 1310 putas
751 1266 976 1306 sumendum,
1012 1267 1152 1299 fratrem
1180 1274 1289 1304 tuum,

147 1329 206 1373 qui
230 1330 388 1362 nondum
412 1327 572 1361 scientiae
596 1326 695 1373 hujus
719 1340 823 1372 capax
848 1337 912 1368 est,
933 1327 1148 1367 scandalizas,
1170 1325 1289 1373 jam7)

147 1403 240 1429 „non
265 1390 454 1422 secundum
488 1389 660 1423 caritatem
692 1390 883 1429 ambulas,·⁴
914 1401 976 1422 nec
1008 1390 1167 1422 affectum
1197 1388 1233 1421 in
1257 1397 1290 1421 te

148 1452 288 1485 fraterni
313 1450 438 1483 amoris
465 1451 622 1485 ostendis.
681 1450 775 1494 Quid
807 1450 898 1484 enim
923 1450 1084 1490 laederis,
1112 1450 1139 1484 si
1162 1458 1199 1483 ut
1221 1451 1289 1483 sra-

149 1522 236 1545 trem
260 1522 356 1545 tuum
382 1526 454 1545 non
479 1512 665 1553 contristes,
690 1513 789 1546 etiam
814 1526 832 1546 a
856 1512 954 1546 licitis
979 1510 1171 1545 abstineas?
1210 1509 1290 1544 Tibi

148 1573 242 1607 enim
274 1574 444 1607 abstinere
476 1587 493 1607 a
523 1574 621 1608 licitis
647 1575 776 1607 crimen
800 1575 935 1607 nullum
959 1583 1022 1616 est;
1044 1573 1094 1607 illi
1117 1587 1217 1614 vero,
1253 1573 1289 1607 in

148 1670 234 1714 quit,
258 1668 316 1714 qui
341 1668 538 1710 existimant,
561 1678 594 1702 et
616 1669 674 1714 qui
698 1679 820 1715 putant
850 1669 978 1715 aliquid
1003 1682 1071 1703 esse
1096 1681 1290 1710 commune,

148 1715 252 1760 ipsis“
277 1724 338 1748 etc.

247 1768 282 1813 ι)
307 1769 362 1802 Sic
394 1770 478 1803 Msc.
508 1769 588 1812 Reg.
612 1784 706 1803 num.
731 1771 828 1806 1639.
853 1780 886 1804 et
908 1770 1079 1804 Rabanus.
1105 1770 1185 1804 Mss.
1210 1783 1288 1803 vero

151 1815 324 1859 plerique:
350 1826 403 1854 „et
426 1817 519 1849 nulla
537 1816 741 1857 cogitatione
764 1815 1005 1861 scrupulositas
1022 1816 1176 1862 injecta.“
1199 1815 1290 1848 Editi

151 1861 200 1911 ςν.
227 1873 253 1892 c.
279 1861 354 1936 «Ἰζᾶ.
379 1861 468 1904 Μ.);
493 1871 547 1902 „et
570 1861 604 1894 in
630 1862 834 1903 cogitatione
857 1862 952 1895 nulla
975 1861 1216 1907 scrupulositas
1238 1861 1289 1893 in-

153 1910 270 1951 ]ectaf‘
328 1931 334 1937 .

247 1961 284 2005 2)
310 1962 397 1994 Edd.
421 1961 579 1994 Merlini:
604 1975 726 1995 rursus.
819 1961 857 2006 3)
880 1962 984 1996 Rom.
1007 1962 1102 2003 XIV,
1126 1962 1179 1996 15.

248 2014 284 2061 ⁴)
310 2017 403 2050 Editi
435 2018 482 2063 (v.
510 2031 537 2050 c.
563 2018 639 2051 edd.
664 2017 749 2060 ΜΛ)
779 2019 903 2057 „frater
928 2027 1004 2051 tuus
1036 2017 1289 2056 scandalizatur,

151 2063 205 2095 vel
231 2063 464 2101 contristatur,
488 2068 581 2095 non“
607 2072 668 2096 etc.
714 2063 869 2096 Deinde:
902 2062 1014 2102 „Cum
1040 2064 1130 2096 enim
1155 2062 1286 2096 definis-

153 2117 202 2141 set
226 2127 287 2146 —-,
312 2121 374 2152 per
403 2107 575 2140 Christum
607 2109 745 2141 Jcsum“
779 2118 839 2142 etc.
898 2110 967 2142 Sed
1001 2121 1120 2142 omnes
1152 2108 1229 2141 Mss.
1258 2114 1288 2139 et

154 2153 316 2186 Rabanus
341 2162 376 2185 ut
400 2153 433 2185 in
460 2162 558 2186 textu.
587 2153 623 2186 R.

249 2209 284 2252 ⁵)
310 2209 399 2242 Edd.
424 2209 580 2242 Merlini:
604 2219 635 2242 et
660 2210 685 2242 si
710 2219 769 2244 etc.

245 2265 284 2304 ὃ)
307 2265 395 2300 Edd.
421 2265 575 2298 Merlini:
600 2266 698 2300 licite.
795 2267 830 2310 ⁷)
855 2266 953 2300 Rom.
979 2267 1073 2308 XIV,
1098 2267 1148 2300 15.
