1377 2454
328 91 680 126 COMMENTARJORUM
703 91 776 124 Lm.
802 91 875 125 VlI.
1100 93 1166 128 145

37 183 210 229 cipiendus
234 191 300 222 est,
340 195 441 226 quem
476 194 577 227 supra
602 180 817 226 exposuimus
841 179 1016 214 inimicum
1043 180 1168 215 Christi

38 245 278 278 destruendum
302 242 521 276 novissimum
547 242 621 276 dici.
638 242 672 287 Ι>
730 242 799 286 Qui
835 241 953 286 utique
986 252 1170 287 propterea

37 319 128 339 mors
154 305 285 345 dicitur,
312 304 389 349 quia
413 304 498 337 sicut
513 305 595 337 haec
615 303 809 337 communis
828 317 921 336 mors
946 304 1092 337 animam
1117 317 1169 337 sc·-

38 376 134 412 parat
158 380 175 399 a
200 379 354 411 corpore,
380 365 423 398 ita
436 365 473 408 2)
508 375 541 398 et
562 365 620 397 ille
645 365 821 398 contendit
845 364 992 398 animam
1016 379 1172 410 separare

40 441 59 461 a
84 428 220 460 caritate
244 427 328 460 Dei:
364 436 396 460 et
431 428 512 459 haec
536 426 653 470 utiquc
679 435 727 458 cst
750 426 882 458 animae
906 439 1009 459 mors.
1056 427 1174 459 Potest

41 503 120 532 crgo
146 489 229 529 ficri,
253 498 291 521 ut
316 488 358 521 sit
384 498 416 521 et
440 488 552 533 aliqua
575 487 640 520 vita
674 488 717 520 de
741 498 836 532 parte
859 488 959 528 illius,
983 500 1070 532 quae
1095 501 1173 520 cum

41 551 115 596 ipso
141 550 216 593 agit,
239 560 277 583 ut
300 563 363 583 nos
388 563 405 582 a
430 549 566 582 caritate
582 558 713 592 separet
731 549 814 582 Dei:
841 563 926 594 quae
943 549 1008 582 vita
1030 558 1077 582 est
1092 563 1172 594 pec-

43 613 116 645 cati.
163 611 234 644 Nisi
265 611 353 644 enim
385 611 473 644 mala
498 619 580 644 esset
605 610 687 642 haec
710 609 786 650 vita,
811 624 988 656 nunquam
1012 625 1076 644 nos
1099 624 1176 644 sua-

44 674 138 706 deret
164 672 405 717 Apostolus,³)
438 681 476 704 ut
507 685 721 704 moreremur
745 682 904 716 peccato,
941 682 973 706 ct
1004 672 1038 705 in
1063 681 1177 705 morte

45 734 168 767 Christi
192 733 458 778 baptizaremur,
482 736 516 766 et
540 732 829 778 consepeliremur
862 733 902 767 ei.
949 734 1067 767 Potest
1097 747 1177 776 ergo

45 794 136 835 fieri,
160 804 198 828 ut
221 796 303 828 haec
328 794 392 827 vita
421 794 551 839 peccati
582 793 639 834 sit,
666 808 752 839 quae
775 809 838 827 nos
864 795 957 840 cupit
980 809 1136 840 separare
1161 808 1180 827 a

45 856 181 890 caritate
205 856 281 889 Dei.
328 856 401 898 Ego
427 865 540 888 autem
564 865 660 900 puto,
695 857 789 901 quod
815 866 847 890 et
870 856 999 900 singula
1025 870 1181 902 quaeque

44 927 181 962 peccata
215 918 362 950 habeant
398 917 546 962 aliquam
581 918 683 951 vitam
719 931 813 951 suam
849 918 937 951 intra
973 931 1055 951 nos:
1100 932 1182 953 nam

47 980 321 1024 unumquodque
341 978 459 1011 vitium
483 979 548 1011 vita
572 979 701 1023 peccati
728 989 784 1013 est.
820 979 960 1023 Quanto
979 993 1058 1021 ergo
1082 980 1183 1024 plura

49 1040 136 1072 intra
160 1054 223 1073 nos
254 1040 332 1073 vitia
357 1040 677 1084 deprehenduntur,
710 1049 806 1073 tanto
830 1041 945 1085 plures
971 1053 1039 1073 esse
1063 1054 1183 1084 pecca-

49 1110 165 1134 torum
190 1101 274 1134 vitae
297 1101 503 1142 videbuntur
526 1100 561 1133 in
589 1102 696 1134 nobis.
744 1102 789 1134 Et
812 1111 994 1146 propterea
1019 1103 1108 1135 forte
1133 1101 1184 1135 di-

52 1171 143 1195 ctum
175 1162 232 1195 sit:
264 1162 412 1207 „qui-1⁴)
446 1163 569 1195 melior
601 1163 699 1207 est⁵)
737 1162 968 1197 misericordia
998 1172 1055 1197 tua
1085 1177 1187 1209 super

52 1223 166 1256 vitas.“

141 1285 283 1328 „Neque
297 1284 333 1329 ὃ)
358 1284 476 1326 angeli,
500 1298 612 1330 neque
635 1285 860 1330 principatus,
885 1299 997 1330 neque
1021 1285 1188 1319 virtutes.“

52 1346 93 1377 In
117 1354 255 1389 promtu
281 1354 327 1377 est
351 1345 477 1389 illos⁷)
502 1346 638 1388 angelos
653 1346 851 1389 intelligere,
875 1346 998 1391 quibus
1023 1347 1107 1389 ignis
1132 1361 1188 1380 ae-

53 1415 168 1439 ternus
201 1420 218 1439 a
251 1407 424 1439 Salvatore
459 1420 536 1439 cum
568 1407 709 1441 diabolo
750 1407 923 1452 diciturfl)
954 1418 1189 1453 praeparatus:

55 1466 262 1511 principatus
294 1477 406 1501 autem
439 1478 471 1501 et
494 1469 648 1510 virtutes,
673 1470 746 1503 illas
771 1470 842 1503 sine
869 1469 987 1511 dubio,
1013 1472 1192 1504 adversum

58 1541 139 1573 quas
164 1528 263 1563 nobis
288 1540 457 1563 certamen
483 1532 595 1575 est:⁹)
620 1532 673 1564 vel
698 1531 774 1564 illos
799 1532 1009 1576 principatus
1035 1541 1067 1564 et
1091 1541 1190 1576 potc-

58 1598 167 1630 states,
191 1591 234 1623 de
259 1591 381 1635 quibus
404 1592 502 1626 dicit:
526 1606 625 1633 „cum
640 1593 696 1637 ¹⁰)
711 1603 821 1626 autem
838 1593 1036 1627 destruxerit
1055 1607 1193 1626 omnem

158 1775 191 1816 ¹)
216 1776 231 1808 1
258 1775 336 1809 απ.
361 1777 437 1816 xv,
461 1778 515 1811 26.

157 1830 194 1875 2)
218 1831 306 1865 Edd.
330 1833 487 1865 Mcrlini:
511 1833 555 1866 ita
579 1846 596 1865 a
623 1834 758 1866 caritate
783 1833 850 1866 Dei
875 1833 1022 1866 animam
1042 1845 1197 1878 separare

66 1882 98 1906 et
122 1874 178 1908 ille
203 1878 387 1912 contendit.

158 1930 195 1975 ³)
222 1932 291 1966 cfr.
316 1934 416 1966 Rom.
439 1935 499 1975 VI,
522 1936 553 1969 2.
577 1936 609 1969 3.
633 1935 664 1968 4.

161 1985 196 2029 ⁴)
224 1988 344 2023 Psaim.
368 1990 490 2030 LXIII,
514 1992 545 2025 3.
571 1990 714 2035 (mn.)

163 2042 199 2085 ⁵)
223 2044 444 2078 Desideratur
467 2051 558 2087 ‚‚est“
582 2047 616 2078 in
641 2048 718 2080 edd.
743 2047 790 2079 M.

163 2100 200 2142 6>
225 2100 326 2134 Rom.
350 2103 440 2142 VIH,
464 2104 518 2137 38.

165 2156 200 2199 7)
224 2157 313 2189 Edd.
338 2157 490 2192 Merlini:
517 2160 654 2202 angelos
679 2159 766 2192 illos.

164 2211 202 2256 ⁸)
227 2213 347 2246 Manli.
372 2214 484 2254 XXV,
507 2215 560 2248 41.
655 2217 692 2259 9)
716 2215 915 2261 Ephes.V1‚
942 2215 991 2248 12.

145 2268 200 2311 ¹⁰)
226 2269 239 2300 Ι
266 2268 345 2301 Cor.
370 2270 446 2310 XV,
469 2271 525 2305 24.

75 2328 252 2364 Onmnms
278 2330 416 2365 OPERA.
449 2331 545 2366 Tom.
571 2332 644 2365 vll.
920 2332 964 2365 10
