1377 2454
199 65 265 99 174
468 66 645 100 ornemus
671 78 705 100 {N
730 68 790 102 Er.
815 76 860 101 An
886 66 1063 101 Romwos

198 154 359 196 colligens
383 169 515 189 rursum
552 157 648 190 finxit
671 158 754 191 illuct
779 159 967 192 secundum
991 159 1200 191 voluntatem
1226 171 1332 191 suam.

196 217 261 256 „Et
277 216 310 261 ¹)
336 218 441 250 sactus
467 229 531 259 est,
556 219 680 263 inquit,
702 233 813 253 sermo
838 219 983 253 Domini
1007 222 1049 253 ad
1076 233 1170 258 eum,
1199 219 1331 252 dicens:

196 292 279 310 num
312 278 393 323 quid
425 292 487 320 ego
518 293 590 312 non
620 294 758 324 possum
791 283 900 314 facere
937 283 1078 314 domum
1110 282 1210 314 Israel
1245 282 1332 314 sicut

197 341 317 380 figulus
343 339 444 374 iste?“
498 342 542 373 Et
576 342 749 386 Sapientia
776 343 874 376 dicit:
907 357 1002 383 „vasa
1016 343 1052 386 ²)
1084 342 1177 384 figuli
1207 344 1333 387 probat

197 403 332 442 fornax,
366 412 396 434 et
428 403 583 436 homines
612 403 716 449 justos
749 405 921 439 tentati0.“
976 405 1089 437 Habet
1120 416 1198 445 ergo
1224 404 1332 437 nostri

196 463 291 496 Deus
315 473 533 508 potestatem,
565 465 650 498 sicut
676 475 707 498 et
729 468 851 508 figulus
875 466 955 505 luti,
977 475 1015 498 ut
1039 465 1139 499 faciat
1162 478 1199 497 ex
1224 478 1333 498 massa

197 527 314 558 eadem
341 538 417 558 vasa
443 528 483 559 ad
510 527 691 567 honorem,
716 537 747 560 et
770 542 845 562 vasa
871 529 914 561 ad
950 527 1204 561 contumeliam.
1252 525 1333 557 Tibi

197 600 288 629 ergo,
313 587 370 631 qui
396 587 794 633 insolenterrespondes
818 590 908 629 Deo,
933 590 1015 622 haec
1029 588 1158 621 audisse
1178 587 1332 621 sufficiat.

197 648 269 691 Qui
293 661 373 680 vero
400 662 504 693 opera
518 648 554 693 3)
578 651 763 694 sapientiae
788 651 854 685 Dei
878 652 911 684 in
931 649 1236 695 dispensationibus
1263 648 1332 695 ejus
1372 674 1373 681 1

196 709 364 743 desiderat
388 710 560 749 contueri,
589 712 702 744 audiat
732 713 766 745 in
803 713 869 746 alio
895 714 974 746 loco
1002 713 1044 744 de
1068 711 1117 744 his
1140 711 1218 755 ipsis
1244 710 1334 742 Pau·
1374 730 1376 732 v

195 771 267 805 lum
294 770 487 804 divinorum
512 782 719 805 secretorum
746 775 919 807 conscium
948 775 1184 818 disputantem.
1222 772 1282 811 „In
1301 771 1333 815 ι)
1376 813 1377 818 1

196 835 300 867 domo
327 842 440 865 autem
464 846 586 874 magna
611 848 682 867 non
707 845 803 875 sunt,
832 836 959 879 inquit,
991 835 1239 868 tantummodo*
1259 846 1333 866 vasa

195 909 297 928 aurea
323 904 354 927 et
376 905 542 935 argentea,
565 896 625 928 sed
651 905 681 928 et
706 897 814 937 lignea
841 907 872 929 et
898 897 1022 936 fictilia,
1047 906 1077 928 et
1105 896 1168 928 alia
1194 895 1332 939 quidem

196 958 239 989 ad
264 957 453 995 honorem,
484 957 549 989 alia
578 967 689 990 autem
721 959 763 990 ad
787 957 1038 990 contumeliam.
1094 957 1130 990 Si
1155 969 1234 997 ergo
1261 955 1334 1000 quis

197 1018 432 1051 emundaverit
462 1028 567 1050 semet
597 1020 706 1063 ipsum
743 1020 784 1051 ab
809 1019 877 1057 his,
910 1019 972 1051 erit
1001 1033 1056 1052 vas
1087 1020 1130 1052 ad
1161 1018 1333 1050 honorem

194 1080 452 1119 sanctificatum,
477 1089 509 1112 et
532 1081 614 1112 utile
638 1080 806 1118 Domino,
831 1081 874 1112 ad
891 1093 993 1112 omne
1013 1094 1099 1125 opus
1115 1081 1246 1112 bonum
1273 1092 1334 1123 pa-

196 1146 339 1175 ratum.“
386 1141 541 1183 Audi55)
566 1141 690 1174 Paulus
716 1141 750 1174 in
782 1141 849 1180 his,
888 1142 922 1174 in
955 1142 1077 1186 quibus
1110 1155 1183 1175 non
1215 1140 1335 1174 habuit

196 1213 392 1248 protervum
417 1203 716 1241 contradicmrcm,
741 1204 920 1247 quomodo
946 1217 1103 1236 vasorum
1130 1202 1333 1236 diversitates

197 1263 384 1310 a1)eruit.⁶)
431 1265 519 1297 Nam
545 1264 610 1302 ibi,
644 1265 703 1297 ubi
736 1265 873 1297 auditor
904 1279 975 1298 non
1011 1276 1081 1298 erat
1105 1266 1244 1306 dignus,
1273 1265 1333 1297 sed

196 1327 428 1360 contradictor
453 1325 533 1365 erat,
557 1326 630 1359 sola
654 1326 768 1359 fictilia
792 1339 868 1359 vasa
895 1335 1163 1360 commemorat:
1193 1326 1248 1358 hic
1273 1338 1333 1357 au·-

195 1397 262 1420 tem
289 1397 319 1420 et
343 1400 444 1420 aurea
470 1387 550 1420 dicit
576 1400 661 1427 csse,
688 1397 718 1419 et
743 1397 916 1428 argentea,
941 1397 973 1420 et
995 1388 1120 1428 lignea,
1145 1396 1177 1419 et
1203 1385 1334 1419 fictilia:

197 1459 228 1482 et
252 1450 315 1482 alia
341 1450 479 1493 quidem
512 1449 640 1492 dicit7)
678 1462 747 1482 esse
778 1451 822 1482 ad
854 1450 1043 1487 honorem,
1079 1447 1143 1480 alia
1173 1460 1252 1479 vero
1290 1447 1333 1479 ad

197 1511 438 1544 contumeliam
464 1510 597 1553 simis)
653 1510 863 1555 Similiter9)
898 1520 928 1543 et
960 1510 1020 1542 ubi
1055 1508 1256 1542 memoravit
1279 1521 1333 1541 ra-

196 1572 345 1612 tionem,
377 1585 480 1616 quare
513 1572 576 1605 alia
602 1573 644 1604 ad
670 1573 860 1612 honorem,
893 1572 957 1605 alia
982 1585 1061 1605 vero
1088 1572 1131 1604 ad
1157 1579 1333 1603 contume-

292 1727 325 1770 “)
350 1727 475 1759 Jerem.
500 1727 625 1766 XVHI,
649 1729 678 1761 5.
705 1728 735 1761 6.

289 1781 325 1826 2)
353 1783 433 1826 Sap.
466 1783 570 1816 Sirac.
595 1784 739 1823 XXVII,
765 1784 795 1816 5.
823 1782 1084 1827 (Ecclesiastic.)

289 1837 325 1880 ³)
350 1837 441 1870 Editi
466 1838 511 1882 (v.
537 1852 560 1870 c.
589 1840 665 1872 edd.
691 1839 772 1883 Μ.);
798 1852 924 1883 „opera
949 1839 1015 1871 Dei
1031 1839 1200 1883 sapienter
1215 1838 1249 1872 in
1266 1837 1333 1872 dis-

196 1883 471 1927 pensationibus“
497 1893 556 1916 etc.
580 1885 620 1916 R.

289 1938 325 1982 4)
350 1939 381 1970 ll
407 1938 558 1972 Timoth.
585 1941 625 1979 ll,
649 1942 702 1975 20.
727 1941 780 1975 21.

288 1995 323 2036 ⁵)
347 1994 434 2027 Edd.
460 1995 615 2029 Rlerlini:
644 1997 730 2029 Audi
755 1996 902 2029 Paulum
926 1997 960 2029 in
987 1996 1036 2029 his
1061 2005 1119 2028 ete.

290 2051 326 2092 6)
351 2051 413 2083 Ed.
440 2051 564 2083 Ruaci:
591 2051 745 2095 aperuit?
770 2053 857 2085 Nam
882 2052 929 2085 ibi
962 2062 1022 2085 etc.

288 2105 325 2150 τ)
352 2106 453 2138 Deest
475 2106 509 2138 in
536 2107 630 2139 editis
654 2108 701 2151 (e.
728 2121 755 2139 c.
781 2109 857 2140 cdd.
882 2106 968 2150 M.):
992 2108 1126 2148 ‚,dicit.“
1149 2106 1190 2139 R.

289 2162 325 2205 Β)
350 2162 452 2195 Deest
474 2163 588 2202 ‚‚fieri“
612 2164 648 2196 in
674 2164 749 2195 edd.
775 2164 822 2195 Μ.

290 2219 324 2261 ⁹)
352 2219 441 2295 Egiti
467 2220 511 2259 (e.
537 2233 562 2251 c.
589 2221 664 2253 edd.
691 2220 774 2261 Μ.);
808 2220 992 2260 „Similiter
1026 2230 1055 2253 ct
1081 2219 1132 2252 hic
1159 2230 1327 2251 memora-

198 2266 262 2296 vit“
287 2274 347 2297 etc.
408 2290 413 2295 .

616 2346 623 2364 s
