1320 2444
326 56 678 91 COMMENTARIORUM
702 54 776 88 Lm.
799 53 845 87 X.
1094 52 1162 88 395

118 149 147 183 7.
172 145 336 191 ‚,Deus¹)
362 155 473 180 autem
498 145 681 191 patientiae
701 155 733 178 ct
755 142 997 178 consolationis
1022 143 1078 175 det
1101 155 1162 175 vo-

31 209 81 243 bis
105 209 140 242 id
163 209 275 254 ipsum
299 220 418 253 sapere
441 207 475 241 in
492 208 690 241 alterutrum
707 206 894 240 secundum
919 205 1037 238 Jcsum
1063 202 1163 236 Chri-

30 280 133 305 stum:
159 270 243 314 ut2)
267 268 444 302 unanimes
468 281 538 301 uno
564 281 623 301 ore
644 267 878 300 honorificetis
893 266 1019 306 Deum,
1044 275 1076 298 et
1097 265 1165 297 Pa—

31 342 115 365 trem
140 331 284 365 Domini
307 331 413 364 nostri
436 330 518 363 Jesu
544 329 675 363 Christi.
720 328 866 373 Propter
890 328 985 372 quod
1007 326 1167 371 suscipite

30 391 185 430 invicem,
208 391 294 426 sicut
318 401 349 424 et
374 390 524 424 Christus
552 389 696 435 suscepit
718 403 776 423 vos
810 390 844 423 in
871 389 1040 422 honorem
1066 387 1167 421 Dci.“

31 452 68 486 Si
98 452 258 497 patientia
283 453 385 487 virtus
410 462 476 492 est,
513 452 622 485 omnis
656 461 767 484 autem
804 451 905 484 virtus
939 464 955 482 a
987 451 1066 482 Deo
1100 457 1166 482 cst:

32 523 64 547 et
84 513 244 558 patientia
277 526 295 546 a
320 514 398 547 Deo
433 523 488 546 est.
546 512 634 546 Cum
666 526 744 555 ergo
771 513 892 546 dicitur
915 513 1030 552 „Deus
1044 510 1079 556 3)
1104 523 1166 555 pa-

31 575 198 615 tientiae,“
223 575 291 608 hoc
316 584 380 615 est,
413 575 508 619 quod
539 574 670 608 videtur
701 574 842 614 ostendi,
867 573 944 618 quia
969 572 1063 604 Deus
1089 585 1168 604 curn

32 636 83 670 his
108 646 165 676 est,
190 637 248 681 qui
259 634 295 681 4)
320 636 448 670 habent
471 635 506 668 in
529 648 563 669 se
587 637 743 670 virtutem
760 635 956 679 patientiae:
980 634 1066 667 sicut
1090 646 1167 665 cum

33 696 158 730 dicitur
180 698 324 743 Deus⁵)
348 697 507 744 justitiae,
543 697 733 730 ostenditur
756 696 791 729 in
816 697 866 729 his
891 708 960 729 esse
983 694 1088 733 Deus,
1111 692 1171 738 qui

31 769 164 792 servant
186 759 358 805 justitiam.
405 759 570 792 Similiter
601 767 632 791 et
656 758 750 791 Deus
772 756 933 796 veritatis,
968 755 1050 799 αὖ)
1074 755 1170 787 Deus

32 820 217 865 sapientiae
230 821 437 862 intelligitur.
473 820 542 853 Sed
561 829 592 853 et
614 820 730 861 „Deus
742 818 777 864 ⁷)
803 816 1067 852 consolationis“
1091 829 1172 849 cum

34 882 176 923 dicitur,
215 896 293 916 cum
330 883 395 916 illis
432 895 500 916 esse
536 882 726 916 ostenditur
754 881 866 920 Deus,
900 879 957 924 qui
991 892 1028 912 cx
1052 877 1172 912 divinis

35 942 218 988 Scripturis
260 956 323 989 per
356 943 611 984 intelligentiam
654 941 862 987 spiritualem
901 940 1172 974 consolationem

36 1004 182 1048 Spiritus
207 1004 354 1049 capiunt.
408 1004 596 1049 ‚‚Deus“⁸)
627 1015 706 1045 ergo
731 1002 934 1047 „patientiae
958 1010 990 1034 et
1013 1001 1172 1034 consola-

35 1066 137 1099 tionis
162 1067 217 1099 det
240 1066 347 1106 vobis,
371 1065 491 1110 inquit,
514 1065 551 1098 id
573 1065 685 1110 ipsum
708 1078 827 1109 sapere
850 1064 885 1097 in
901 1064 1097 1096 alterutrum
1122 1074 1174 1097 se-

36 1128 189 1161 cundum
213 1128 330 1161 Jesum
356 1127 562 1160 Christum.“
599 1127 638 1160 In
663 1127 731 1159 hoe
754 1125 881 1160 Paulus
903 1124 1174 1169 patriarcharum

36 1201 134 1222 more
158 1198 190 1222 et
212 1189 478 1234 prophetarum,
503 1201 653 1233 quorum
676 1187 931 1221 benedictiones
953 1185 1097 1230 scriptae
1120 1198 1174 1218 re-

35 1251 205 1292 feruntur,
228 1250 483 1284 benedictiones
507 1249 625 1284 tribuit
647 1248 830 1288 Romanis,
865 1260 1006 1281 exorans
1030 1246 1069 1279 iis
1101 1246 1175 1279 dari

39 1326 58 1346 a
82 1312 173 1353 Deo,
197 1321 234 1345 ut
256 1313 293 1346 id
316 1311 428 1357 ipsum
451 1311 584 1356 sapiant
606 1311 641 1344 in
667 1311 874 1344 alterutrum,
913 1307 1060 1342 Grandis
1076 1308 1113 1351 ⁹)
1130 1317 1177 1341 cst

37 1373 98 1407 ista
122 1372 336 1414 benedictio,
372 1382 411 1406 ut
442 1386 550 1406 unum
580 1372 713 1417 sapiant
744 1384 862 1405 omnes
892 1379 992 1415 atque
1020 1369 1177 1409 sentiant,

135 1477 296 1522 ¹)Rom.
319 1477 560 1518 XV‚...567

131 1533 169 1577 ²)
194 1534 325 1568 Verba:
348 1543 408 1574 „ut
430 1533 609 1568 unanimes
636 1553 688 1567 —-.
726 1533 874 1578 Propter
899 1533 995 1576 quod
1017 1532 1177 1575 suscipite

41 1578 198 1618 invicem,
221 1579 308 1612 sicut
334 1589 365 1612 et
389 1579 540 1612 Cluistus
565 1578 709 1623 suscepit
740 1592 799 1611 vos
824 1592 858 1610 m
885 1578 1054 1610 honorem
1078 1577 1177 1616 Dei,“

42 1623 312 1657 desiderantur
302 1637 338 1656 m
363 1624 458 1657 editis
481 1625 529 1668 (ν,
555 1637 582 1657 c.
607 1625 684 1657 edd.
709 1623 794 1667 Μ.);
819 1623 878 1656 sed
895 1621 1115 1655 restituuntur
1139 1635 1178 1655 ex

43 1668 201 1702 omnibus
225 1668 303 1702 Mss.
329 1669 370 1701 R.

133 1724 170 1769 3)
195 1724 295 1757 Rom.
321 1725 396 1764 XV,
421 1725 452 1758 5.

44 1826 53 1834 ·
135 1780 172 1824 ⁴)
197 1780 285 1814 Edd.
335 1781 491 1814 Merlini:
539 1779 597 1826 qui
635 1779 761 1812 habent
799 1778 956 1812 virtutem
997 1778 1180 1823 patientiae

43 1840 78 1860 m
114 1839 159 1860 se.

139 1881 174 1925 ⁵)
198 1881 287 1914 Edd.
311 1881 468 1916 Merlini:
493 1881 585 1913 Deus
610 1879 724 1926 justus,
750 1880 940 1913 ostenditur
961 1888 1021 1912 etc.

139 1937 176 1980 ⁶)
203 1937 295 1970 Editi
319 1938 365 1982 (v.
392 1951 418 1970 c.
444 1937 520 1970 edd.
545 1936 632 1980 M.):
666 1946 720 1976 „et
751 1936 845 1969 Deus
877 1935 1058 1981 patientiae
1081 1936 1179 1970 intel-

45 1982 191 2025 ligitur.“
220 1982 321 2016 VIale.
348 1983 385 2015 R.

143 2037 179 2081 7)
204 2036 304 2070 Rom
330 2038 408 2077 xv,

143 2092 180 2135 ⁸)
204 2091 294 2126 Editi
328 2094 375 2138 (v.
410 2108 434 2127 c
430 2050 545 2126 i'edd
570 2094 655 2139 MA)
691 2094 805 2135 „Deus
838 2102 949 2126 autem
982 2093 1183 2137 patientiae“

51 2148 110 2172 c.tc
138 2137 178 2170 R.
203 2157 243 2162 —
270 2139 369 2171 Rom.
392 2139 469 2177 XV,
491 2140 522 2172 5.

146 2198 181 2241 9)
208 2197 264 2231 Sic
292 2196 369 2229 Mss.
396 2205 427 2227 et
450 2195 619 2228 Rabanus.
659 2195 750 2228 Editi
775 2208 853 2227 vcro
872 2194 919 2239 (e.
945 2209 971 2229 c.
995 2195 1071 2229 edd.
1096 2194 1183 2239 M.):

54 2244 194 2286 „Gratia
218 2241 284 2276 Dei
310 2251 354 2275 est
379 2240 572 2275 benedictio
598 2240 668 2280 ista,
693 2246 748 2274 ut“
774 2251 833 2274 etc.
857 2240 885 2272 R
