1320 2444
180 66 249 100 272
449 64 625 99 Omomus
648 75 686 99 m
708 65 770 99 ΕΡ.
795 74 844 99 An
869 65 1049 101 Rommos

182 156 291 190 salvos
314 153 398 194 fieri,
424 164 456 187 et
480 155 514 187 in
539 154 743 196 agnitionem
774 156 920 190 veritatis
944 156 1089 190 venire.“
1136 157 1314 191 Verumta-

182 232 262 251 men
286 215 477 250 meminisse
500 230 633 261 semper
658 218 831 258 debemus,
856 219 950 263 quod
965 227 1175 263 praesentem
1200 219 1316 253 locum

182 279 368 325 Apostolus
400 278 493 322 quasi
523 278 722 325 mysterium
752 279 918 320 haberi¹)
948 280 1074 321 voluit,
1099 293 1166 325 quo
1190 281 1317 314 scilicet

182 340 379 388 hujusmodi
411 354 526 373 sensus
558 340 673 373 fideles
706 341 831 386 quique
863 350 896 374 et
925 342 1064 385 perfecti
1099 342 1186 375 intra
1210 351 1317 376 semet

182 404 274 450 ipsos
298 403 389 435 velut
411 401 608 448 mysterium
633 402 697 435 Dei
721 403 854 435 silentio
879 412 1002 445 tegant,
1025 417 1087 436 nec
1101 403 1225 448 passim
1249 403 1314 436 im-

183 465 341 511 perfectis
378 474 409 497 ct
441 464 552 496 minus
585 464 762 508 capacibus
794 465 978 509 proferant.
1045 464 1316 512 „M)⁷sterium²)

183 528 322 572 enim³)
349 526 443 567 regis,
466 525 511 557 ait
537 525 722 569 Scriptura,
747 526 855 558 celare
880 526 1011 558 bonum
1038 531 1118 559 est.“

273 589 326 622 12.
350 588 569 627 „Secundum
581 585 617 632 4)
650 586 869 629 Evangelium
903 587 1041 632 quidem
1070 586 1197 620 inimici
1232 600 1315 632 pro-

183 662 260 698 pter
288 664 364 683 vos:
397 642 585 682 secundum
622 648 822 681 electionem
855 658 966 682 autem
993 648 1152 682 carissimi
1173 657 1316 693 propter

181 724 301 760 patres.
349 712 429 745 Sine
454 710 660 756 poenitentia
687 710 776 743 enim
800 720 878 743 sunt
903 712 993 743 dona
1026 720 1058 743 et
1082 709 1213 743 vocatio
1237 709 1314 743 Dei.

181 774 325 818 SiCut5)
359 772 446 805 cuim
479 786 537 805 vos
565 771 748 816 aliquando
780 786 852 804 non
885 771 1070 805 credidistis
1095 772 1190 812 Deo,
1222 784 1314 804 nunc

180 847 294 871 autem
325 833 590 868 miscricordiam
623 833 795 866 consecuti
827 833 900 866 estis
931 843 1074 878 propter
1088 834 1121 877 ⁶)
1162 833 1315 878 ipsorum

180 897 470 932 incredulitatem:
504 894 596 938 ita7)
622 904 653 927 ct
676 895 728 927 isti
752 909 843 928 nunc
868 908 939 927 non
964 894 1180 927 crediderunt
1199 895 1234 927 in
1258 908 1315 926 ve-

181 960 240 994 stri
264 956 511 996 misericordia,
548 966 585 988 ut
610 966 642 988 et
664 956 727 1000 ipsi
750 956 1016 989 misericordiam
1048 965 1315 1000 consequantur:

182 1018 396 1062 conclusitss)
422 1020 511 1051 enim
528 1018 622 1050 Deus
643 1031 758 1050 omnes
776 1017 809 1050 in
836 1017 1082 1058 incredulitate,
1107 1027 1144 1050 ut
1161 1017 1315 1050 omnium

182 1081 388 1115 misereatur.
437 1079 468 1112 Ο
499 1078 642 1111 altitudo
677 1078 867 1111 divitiarum
897 1079 1080 1124 sapientiae
1104 1089 1136 1112 et
1159 1078 1316 1112 scientiae

180 1142 265 1178 Dei!
292 1142 404 1185 Quam
429 1139 659 1173 inscrutabilia
683 1149 760 1173 sunt
784 1139 909 1186 judicia
934 1140 1021 1188 ejus,
1048 1151 1079 1175 et
1103 1140 1314 1183 investigabi-

181 1207 229 1239 les
263 1203 336 1236 viae
368 1201 451 1247 ejus!
507 1202 640 1247 Qui59)
673 1201 761 1235 enim
793 1202 950 1244 cognovit
980 1216 1113 1237 sensum
1146 1201 1313 1236 Domini?

180 1269 251 1301 Aut
276 1265 349 1310 quis
373 1264 421 1296 illi
447 1263 656 1296 consiliarius
681 1263 771 1297 fuit?
794 1266 863 1297 Aut
889 1264 962 1309 quis
985 1265 1081 1310 prior
1105 1265 1200 1298 dedit
1218 1265 1257 1304 ei,
1282 1272 1315 1297 et

181 1328 387 1362 retribuetur
412 1325 465 1358 ei?
506 1324 680 1369 Quoniam
717 1339 754 1357 ox
779 1324 870 1369 ipso,
906 1335 939 1358 et
968 1340 1030 1371 per
1060 1327 1187 1372 ipsum,
1223 1325 1314 1359 etin

180 1391 254 1435 ipso
280 1397 357 1422 sunt
375 1386 507 1420 omnia:
531 1386 593 1431 ipsi
607 1386 712 1430 gloria
725 1386 761 1419 in
774 1388 906 1421 saecula
921 1387 1150 1422 saeculorum!
1173 1389 1315 1422 Amen.“

277 1555 310 1599 ¹)
335 1553 427 1587 Editi
453 1556 500 1596 (v.
527 1567 553 1585 c.
581 1554 656 1585 cdd.
683 1553 767 1599 ΕΙ.)
793 1555 937 1593 „hahere
962 1553 1101 1587 voluit.“
1126 1553 1164 1586 R.

273 1613 310 1655 ²)
336 1611 425 1643 Tob.
449 1610 526 1649 XH,
551 1611 580 1644 7.
678 1610 714 1653 3)
741 1611 845 1643 Deest
871 1610 1005 1650 „enim“
1028 1610 1063 1642 in
1088 1611 1164 1644 edd.
1189 1610 1236 1643 M.

273 1667 309 1713 ⁴²)
334 1669 435 1701 Rom.
459 1669 521 1707 XI,
543 1668 698 1702 28—36·

274 1723 310 1767 ⁶)
334 1724 422 1757 Edd.
452 1723 609 1758 BIerlini:
644 1722 738 1756 Sicut
770 1722 859 1755 enim
892 1722 1076 1766 aliquando
1102 1731 1134 1755 et
1158 1736 1217 1756 vos
1239 1735 1311 1756 non

180 1770 365 1803 credidistis
391 1771 466 1802 Deo
492 1779 552 1802 etc.

273 1825 309 1870 ὃ)
335 1826 423 1860 Edd.
447 1825 603 1859 Merlini:
629 1833 770 1869 propter
792 1822 1060 1856 incredulitatem
1086 1837 1216 1857 eorum.

274 1881 310 1924 ⁷)
336 1882 425 1914 Edd.
451 1881 607 1914 merlini:
638 1880 703 1919 „ita
736 1889 767 1912 et
785 1879 837 1911 isti
860 1893 931 1912 non
955 1879 1173 1912 crediderunt
1195 1879 1230 1912 in
1254 1892 1308 1912 ve-

181 1937 283 1961 stram
308 1927 592 1965 miscricordiam,
625 1935 662 1957 ut
693 1934 724 1957 et
758 1924 842 1968 ipsi“
878 1934 956 1964 etc„
996 1926 1047 1959 ed.
1072 1938 1151 1957 vero
1187 1924 1308 1958 Ruaei:

182 1973 248 2012 „ita
275 1981 307 2004 et
328 1972 381 2004 isti
405 1985 497 2004 nunc
529 1970 746 2004 crediderunt
770 1971 805 2002 in
830 1971 927 2002 vestri
952 1969 1195 2010 misericordia,
1219 1979 1256 2002 ut
1279 1978 1310 2002 et

181 2017 266 2062 ipsi“
289 2026 348 2049 etc.

273 2074 309 2116 Β)
332 2073 463 2105 Verba:
487 2071 673 2112 „conclusit
695 2070 783 2104 enim
808 2071 903 2104 Deus
924 2070 1016 2103 —in
1040 2072 1170 2104 saecula
1195 2083 1307 2103 saecu-

179 2118 310 2152 lorum!
337 2119 475 2151 Amen.“
501 2119 620 2150 desunt
646 2117 680 2149 in
706 2116 801 2149 editis
830 2117 878 2161 (v,
904 2129 931 2149 c.
957 2117 1032 2150 edd.
1057 2117 1135 2160 M.),
1160 2125 1192 2148 et
1214 2114 1307 2148 resti—

179 2173 322 2197 tuuntur
346 2176 383 2196 ex
409 2162 566 2196 omnibus
590 2163 670 2195 Blss.
694 2163 735 2194 R.

274 2220 310 2263 ⁹)
335 2220 415 2264 Sap.
445 2220 570 2254 Salem.
602 2219 669 2259 IX,
706 2219 758 2254 13.
797 2219 873 2253 coll.
898 2217 997 2252 Jesai.
1030 2217 1109 2258 XL,
1146 2216 1198 2252 13.
1230 2224 1260 2249 et
1291 2213 1307 2246 1

182 2264 260 2300 Cor.
285 2264 327 2307 11,
351 2265 404 2301 16.
