1320 2444
296 72 647 106 COMMENTARIORUM
670 71 744 104 Lm.
769 70 828 103 IX.
1068 69 1136 103 345

9 165 172 213 quaedam
204 163 313 203 verbi,
350 175 451 208 quam
484 160 539 193 hic
564 161 746 205 Apostolus
776 159 960 205 ,‚olera“¹)
986 159 1137 204 appella-

10 228 73 268 vit,
106 237 190 270 quae
227 224 391 258 audientis
414 236 546 257 sensum
572 236 643 255 non
666 232 734 255 tam
760 223 938 254 robustum
962 221 1082 253 reddat
1107 229 1137 252 et

8 290 145 327 fortem,
170 299 272 331 quam
295 295 453 320 sustentet
477 294 508 317 et
531 283 666 316 interire
690 283 809 326 n0n2)
833 282 942 316 faciat.
983 281 1022 314 In
1046 282 1135 314 mul-

6 349 45 383 tis
69 348 190 382 etenim
223 349 266 381 de
295 347 512 380 interioribus
543 345 675 378 animae
703 345 853 378 sensibus
887 343 1060 387 Scriptura
1087 341 1138 375 di-

6 410 81 444 vina
107 411 200 455 quasi
226 411 267 442 de
292 408 511 441 exterioribus
545 406 698 451 corporis
728 407 880 451 loquitur
912 405 1087 438 membris:
1108 413 1139 437 et

7 471 91 505 sicut
127 484 227 515 saepe
269 470 462 509 docuimus,
508 467 705 501 interiorem
737 468 912 501 hominem
952 466 1052 511 vel³)
1090 466 1139 498 vi-

8 534 95 572 dere,
119 533 171 565 vel
195 533 325 573 audire,
347 533 399 565 vel
424 531 599 564 ambulare
621 530 805 569 nominari,
829 529 873 563 ita
902 539 932 563 et
955 543 1046 562 nunc
1069 528 1140 572 ipse

7 593 149 627 interior
172 594 279 627 homo
312 603 370 626 aut
402 606 539 626 omnem
572 592 686 624 cibum
713 591 882 636 dicitur4)
906 604 1005 636 posse
1028 590 1139 634 perci-

9 668 99 701 pere,
121 654 147 689 si
171 657 338 700 perfectus
363 664 429 694 est,
466 664 538 694 aut,
560 653 586 687 si
610 654 764 686 infirmus
790 663 851 691 cst,
878 654 969 685 olera
993 652 1141 684 mandu-

10 730 94 750 care.
163 717 231 750 Sed
246 716 281 760 ⁵)
317 725 355 749 ut
392 718 623 761 perfectorum
664 715 699 747 in
740 714 878 747 ecclesia
920 713 1142 747 concordiam

10 788 40 812 et
75 778 375 823 imperfectorum,
415 787 577 822 tanquam
615 777 875 809 inhonestorum
913 776 947 808 in
995 787 1142 818 corpore

7 842 240 873 membrorum
268 841 558 883 honestorumque
584 849 788 883 componat,
819 851 882 871 nec
918 837 1084 869 habeatur
1107 835 1143 868 in

8 902 47 936 iis
71 903 139 936 ulla
158 901 331 941 dissensio,
356 902 453 934 dicit:
478 901 557 945 „qui
572 900 608 945 ⁶)
628 902 822 939 manducat,
845 913 917 933 non
933 899 1144 931 manducan-

7 973 77 997 tem
100 977 171 996 non
195 972 348 1008 spernat:
380 972 411 996 ct
444 962 501 1007 qui
532 976 604 995 non
638 964 839 1001 manducat,
878 961 1143 994 manducantem

10 1039 84 1058 non
120 1024 285 1070 judicet.“
345 1024 424 1057 Hoc
461 1033 522 1063 cst,
565 1024 660 1067 quod
699 1022 777 1066 et7)
813 1022 893 1054 alibi
932 1022 1028 1054 dicit:
1066 1021 1145 1065 quia

10 1100 102 1127 „non
116 1086 152 1132 Β)
176 1095 286 1130 potest
312 1086 424 1118 dicere
449 1086 568 1118 oculus
592 1085 724 1117 manui:
760 1085 840 1117 Non
868 1097 899 1116 cs
923 1083 1006 1115 mihi
1030 1095 1146 1115 neces·-

9 1148 114 1181 saria:
148 1157 179 1180 et
204 1157 305 1192 caput
327 1148 490 1192 pedibus:
526 1147 605 1179 Non
638 1146 793 1179 desidero
821 1157 960 1188 operam
991 1154 1146 1177 vestram.

12 1209 82 1243 Sed
112 1210 221 1242 multo
252 1210 355 1250 magis
388 1222 474 1253 quae
508 1208 664 1241 videntur
686 1208 840 1240 membra
865 1205 1021 1250 corporis
1043 1205 1145 1238 inho-

11 1270 159 1304 nestiora
183 1284 270 1311 esse,
306 1270 493 1303 necessaria
522 1274 630 1303 sunt.“
676 1268 720 1301 Et
745 1269 794 1301 his
819 1281 909 1309 ergo,
934 1281 1081 1312 quorum
1106 1268 1146 1301 fi-

14 1334 71 1366 des
94 1342 185 1365 tanta
209 1342 272 1372 est,
307 1341 345 1364 ut
372 1332 493 1369 ‚omnia
528 1331 659 1375 possint
689 1331 914 1369 manducare,
946 1338 977 1362 et
1007 1341 1147 1362 omnem

10 1394 106 1427 verbi
129 1394 276 1438 speciem
301 1406 437 1437 capere,
473 1406 517 1425 ne
541 1392 738 1437 superbiant
762 1401 793 1424 et
814 1399 976 1435 spernant
1000 1403 1066 1429 eos,
1091 1391 1149 1434 qui

12 1456 190 1489 inferiores
219 1464 314 1494 sunt,
349 1454 529 1499 praecipit:
562 1463 593 1487 et
616 1467 750 1487 rursum
782 1453 849 1493 his,
884 1453 942 1497 qui
971 1452 1148 1496 incapaces

14 1527 92 1552 sunt
114 1517 323 1562 perfectioris
348 1517 532 1557 doctrinae,
556 1517 705 1555 mandat,
728 1529 772 1548 ne
792 1514 945 1561 judicent
969 1527 1037 1555 eos,
1061 1527 1150 1558 quo*

15 1593 93 1613 rum
117 1592 230 1612 sensus
261 1579 420 1623 capacior
443 1587 507 1617 est,
539 1587 570 1610 et
600 1577 788 1610 intellectus
821 1576 1034 1609 eminentior.
1083 1576 1149 1608 So-

15 1642 87 1674 lent
118 1641 207 1674 enim
239 1653 396 1685 perverso
431 1640 551 1672 ordine
583 1638 732 1682 imperiti
760 1638 889 1683 peritos
920 1637 1088 1683 judicare,
1118 1646 1150 1670 et

111 1752 147 1797 ])
174 1751 244 1785 Cfr.
273 1751 373 1784 Rom.
397 1751 490 1790 XIV,
514 1751 545 1784 2.

112 1810 150 1853 ²)
174 1808 266 1842 Editi
291 1808 337 1853 (e.
362 1821 389 1840 c.
415 1808 490 1840 edd.
515 1807 599 1850 M.):
624 1819 718 1847 „non
742 1805 859 1838 sinat.¹‘
884 1804 924 1837 R.

111 1865 149 1910 3)
173 1865 276 1898 Deest
298 1864 392 1904 ,‚vel“
416 1864 451 1896 in
477 1865 527 1896 ed.
552 1864 600 1896 M.
625 1863 665 1895 II.

114 1920 150 1966 4)
174 1921 263 1953 Edd.
282 1920 436 1953 Merlini:
461 1933 559 1964 posse
584 1919 706 1952 (licitur
730 1918 914 1963 percipere.

114 1977 150 2021 ⁵)
174 1977 267 2010 Editi
296 1977 343 2021 (e.
376 1990 402 2009 c.
435 1977 511 2008 edd.
542 1975 626 2019 M.):
665 1976 755 2014 „Sed
788 1983 826 2006 ut
859 1975 1090 2018 perfectorum
1123 1983 1153 2006 et

21 2024 298 2069 imperfectorum
322 2022 357 2054 in
382 2021 521 2055 ecclesia
545 2019 783 2059 concordiam,
809 2028 841 2052 et
864 2020 1154 2064 imperfectorum,

20 2071 203 2113 tanquam“
228 2075 289 2100 etc.
311 2067 351 2098 R.

116 2123 153 2168 ὃ)
171 2122 273 2155 Rom.
297 2122 390 2160 XIV,
414 2121 445 2155 3.
541 2121 576 2165 ⁷)
601 2122 704 2154 Deest
728 2124 802 2161 „et“
824 2120 858 2153 in
885 2120 961 2153 edd.
986 2118 1035 2151 M.

103 2179 153 2232 ‚⁸)
180 2180 193 2210 1
221 2179 300 2211 Cor.
324 2178 406 2217 XII,
432 2178 487 2211 21.
509 2177 564 2211 22.
590 2197 631 2202 —-
656 2177 744 2210 Edd.
768 2175 923 2209 Merlini:
950 2175 1018 2208 Sed
1043 2175 1152 2208 multo

25 2237 128 2266 magls
153 2224 306 2276 corporis
330 2224 502 2264 membra,
526 2235 612 2267 quae
636 2223 791 2257 videntur
819 2220 1052 2255 inhonestiora
1077 2233 1154 2257 esse„

28 2283 210 2305 necessaria
236 2279 295 2303 etc.
