1320 2444
188 91 256 127 318
463 90 642 123 Omcnms
665 98 703 124 m
725 90 786 123 ΕΡ.
810 99 858 124 ΑΙ)
883 89 1061 125 ΒοΜΑΝοε

188 185 262 222 bus,
284 182 343 215 sed
368 194 446 213 cum
471 180 536 214 illis
559 180 711 214 flendum
735 190 792 220 est,
817 181 859 213 de
885 180 1008 225 quibus
1033 181 1114 214 dicit
1135 181 1308 217 Dominus

187 243 347 288 ‚,beati¹)
378 242 437 287 qui
460 242 557 282 ssent,
599 242 762 286 quoniam
792 242 856 287 ipsi
887 244 1190 277 consolabuntur.“
1237 244 1273 277 Si
1287 243 1316 288 ²]

187 307 262 351 quis
286 306 345 338 flet
372 318 437 350 pro
463 304 609 350 peccatis
634 303 718 343 suis,
742 303 769 336 si
794 305 868 348 quis
892 313 972 349 post
996 305 1157 338 delictum
1180 318 1316 338 conver-

184 369 266 402 titur
289 369 333 401 ad
356 366 614 412 poenitentiam,
639 375 670 398 et
695 378 847 398 errorem
871 381 970 400 suum
994 366 1140 401 lacrimis
1163 367 1270 406 lavat,
1298 381 1317 400 s*

186 430 260 474 quis
292 428 481 470 ingemiscit
521 427 622 461 etiam
653 427 688 460 in
725 428 920 461 habitaculo
959 429 1023 462 isto
1048 428 1187 473 positus,
1218 438 1249 461 et
1280 429 1318 461 ad

186 491 359 525 Christum
394 490 505 523 redire
537 489 720 529 desiderat,
757 489 838 536 et3)
862 499 1015 523 sanctum
1047 489 1251 523 desiderium
1273 490 1318 522 la-

185 553 369 586 crimarum
397 551 600 596 profusione
621 552 768 591 solatur,
803 550 982 597 jungamus
1018 566 1097 585 cum
1127 552 1319 595 talibusbla-

186 616 307 648 crimas
338 623 488 653 nostras⁷
520 623 552 646 et
585 613 725 654 gemitus
762 614 953 647 sociemus:
990 626 1070 647 nam
1085 612 1121 658 ⁴)
1160 612 1319 654 „tristitia¹

185 690 272 722 quae
297 677 486 709 secundum
518 674 633 707 Deum
658 684 720 715 est,
743 675 886 709 salutem
917 675 1072 709 stabilem
1097 688 1159 720 per
1175 675 1211 719 ⁵)
1237 688 1319 720 poe-

182 738 361 771 nitentiam
387 741 578 781 ope1·atur.“

274 800 327 835 16.
351 799 411 839 „Id
423 798 459 842 6)
484 798 596 843 ipsum
612 798 756 831 invicem
770 799 980 833 sentientesf‘
1019 799 1141 832 Sermo
1166 798 1227 832 iste
1250 810 1320 830 non

182 871 305 895 natura
328 861 389 901 sui,
411 861 469 894 sed
495 860 775 905 interpretatione
804 861 985 894 obscurior
1008 861 1114 894 factus
1140 869 1196 893 est.
1243 859 1320 893 Hoc

183 934 231 957 est
255 923 345 957 enim
374 923 468 967 quod
496 921 586 960 dicit,
609 931 647 954 ut
670 921 713 954 ita
739 923 781 955 de
797 923 901 955 fratre
914 922 1105 962 sentiamus,
1128 930 1166 954 ut
1189 922 1231 954 de
1255 934 1320 954 no-

182 985 234 1019 bis
257 984 355 1029 ipsis;
382 994 413 1016 et
436 985 480 1016 ita
504 984 643 1016 velimus
670 984 840 1027 proximo,
864 984 949 1017 sicut
974 993 1005 1016 et
1023 984 1125 1016 nobis
1148 984 1320 1016 volumus:

182 1047 268 1092 ut7)
295 1055 326 1078 et
350 1045 522 1078 Dominus
553 1045 587 1077 in
620 1044 806 1086 Evangelio
838 1044 937 1078 dicit:
969 1044 1125 1089 „quae⁸)
1157 1044 1256 1078 vultis
1284 1052 1320 1077 ut

181 1109 310 1143 faciant
332 1108 427 1140 vobis
455 1107 623 1146 homines,
650 1108 767 1140 eadem
794 1116 825 1140 et
848 1121 908 1141 vos
931 1107 1030 1140 facite
1053 1106 1150 1140 illis.“

272 1172 326 1206 17.
351 1170 453 1210 „Non
469 1168 504 1213 9)
533 1170 596 1202 alta
621 1169 808 1209 sentiemes,
831 1171 891 1203 sed
909 1169 1094 1201 humilibus
1107 1168 1320 1202 consentien-

180 1237 260 1267 tes.“
306 1229 584 1276 Superbian110)
610 1243 671 1275 per
696 1231 811 1265 omnia
835 1230 1070 1273 refugiendam
1101 1232 1220 1264 docet:
1251 1229 1319 1263 hoc

276 1384 311 1426 ¹)
335 1383 457 1416 Matth.
482 1383 523 1422 V,
551 1383 604 1415 14.

273 1440 308 1483 2)
334 1439 423 1472 Edd.
448 1438 604 1471 Mcrlini:
631 1437 667 1470 Si
694 1438 751 1482 qui
776 1438 858 1470 ssent
885 1447 945 1471 etc.

274 1495 311 1539 ³)
338 1495 394 1528 Sic
419 1503 509 1527 recte
524 1495 606 1527 Msc.
632 1494 714 1534 Reg.
737 1507 832 1526 num.
858 1493 956 1528 1639.
995 1492 1106 1526 Ceteri
1130 1506 1210 1526 vero
1236 1493 1316 1526 Mss.

181 1551 213 1575 et
237 1541 317 1574 editi
340 1541 387 1585 (ν’.
413 1554 439 1572 c.
466 1540 541 1571 edd.
567 1539 651 1582 M.):
677 1549 730 1578 „et
759 1540 948 1571 secundum
981 1538 1185 1572 desiderium
1216 1538 1314 1571 lacri-

178 1600 313 1619 marum
338 1585 539 1630 profusione
561 1585 723 1617 lavatur.“
768 1583 946 1617 Rabanus:
973 1593 1027 1623 „ct
1049 1594 1203 1618 sanctum
1229 1583 1314 1617 desi-

180 1632 314 1665 derium
339 1630 554 1663 lacrimarum
581 1629 783 1673 profusione
806 1630 923 1661 lavat.“
948 1628 988 1662 R.

199 1733 207 1739 ·
273 1686 310 1731 4)
333 1687 437 1739 Deest
461 1690 588 1738 „nam‘z
609 1686 643 1737 in
669 1685 765 1718 editis
788 1684 835 1729 (e.
870 1698 896 1717 c.
922 1686 998 1718 edd.
1024 1683 1103 1728 NL),
1127 1693 1159 1716 et
1182 1683 1216 1716 in
1242 1685 1313 1728 ple-

178 1730 1312 1820 16393:5222⁵;·3.2;:{‡5;ffl;‡‚¹3;03215³1:35:?·,‚n³1{,⁵‚02..;¹}3=;;2:³¹2123

178 1822 218 1854 R.
243 1843 284 1848 —
312 1821 380 1853 Cfr.
405 1820 437 1852 II
464 1821 544 1854 Cor.
569 1821 642 1861 Vll,
667 1822 719 1855 10.

272 1878 307 1921 ⁵)
331 1877 421 1910 Edd.
446 1877 601 1910 Merlini:
630 1886 791 1922 operatur
813 1889 876 1921 per
898 1876 1155 1921 poenitentiam.

269 1934 309 1977 fi)
334 1933 435 1966 Rom.
459 1932 536 1972 XII,
561 1933 613 1967 16.

271 1989 307 2034 ⁷)
331 1989 421 2022 Edd.
447 1988 604 2021 Merlini:
628 1998 666 2021 ut
689 1990 725 2021 in
750 1989 921 2030 evangelio
948 1988 1109 2022 dominus
1133 1988 1222 2022 dicit.

269 2045 307 2089 ⁸)
331 2045 452 2076 Matth.
475 2044 550 2084 VII,
574 2045 625 2078 12.

270 2101 308 2146 ⁹)
332 2100 433 2133 Rom.
466 2100 551 2139 XII,
580 2100 634 2135 16.
672 2120 712 2125 --
745 2099 834 2133 Edd.
866 2099 1022 2133 RIerh'ni:
1058 2101 1138 2134 Non
1171 2101 1236 2134 alta
1258 2111 1308 2132 sa-

174 2148 314 2192 pientes,
337 2147 396 2179 sed
421 2155 482 2179 etc.

253 2203 308 2242 ¹⁰)
338 2202 393 2236 Sic
426 2214 542 2234 omnes
573 2201 653 2234 Mss.
687 2210 719 2233 et
749 2200 919 2234 Rabanus.
974 2201 1068 2235 Editi
1097 2213 1176 2233 vcro
1208 2198 1254 2243 (ν.
1280 2211 1307 2230 c.

173 2249 253 2281 edd.
280 2248 364 2291 M.):
389 2246 616 2291 „Superbiam
641 2259 743 2290 super
776 2248 891 2280 omnia
916 2267 956 2272 -
983 2248 1100 2279 docet:
1126 2246 1192 2276 hoc
1218 2243 1305 2276 enim

176 2293 428 2339 beneplacitum
453 2301 499 2326 est
529 2291 617 2325 Deo.
665 2291 707 2325 Et
739 2291 860 2325 merito
885 2291 1043 2337 superbia
1067 2289 1225 2332 fugienda
1250 2297 1305 2327 est,
