1377 2454
187 79 256 113 262
465 76 642 110 ORIGENJS
666 86 703 109 m
726 79 787 111 ΕΡ.
812 85 860 109 An
887 75 1067 110 Rommos

193 166 280 210 grini
320 175 620 207 testamentorum,
663 176 695 199 et
726 165 925 211 hospites')
957 165 1224 211 promissionum
1255 164 1333 198 Dei.

193 230 239 262 Et
263 228 319 261 alii
343 228 379 261 in
403 229 518 261 Deum
543 227 711 273 jactantur
736 242 773 261 ex
797 237 915 268 utero,
952 237 985 261 et
1010 228 1142 260 dicunt:
1173 226 1279 271 „in²)
1302 236 1337 260 te

194 289 335 335 jactatus
360 305 434 324 sum
460 305 496 323 ex
521 300 630 330 utero,
656 291 699 322 de
721 300 838 323 ventre
862 290 977 322 matris
1001 302 1097 322 meae
1121 289 1216 322 Deus
1240 302 1336 322 meus

195 366 228 385 es
253 361 290 384 tu
303 358 321 373 “
369 353 438 386 Sed
465 351 639 397 quoniam,
664 361 703 384 ut
730 353 893 390 diximus,
918 360 1095 396 permanet
1117 363 1251 395 semper
1274 364 1335 383 na-

193 423 289 447 turae
314 413 392 447 huic
417 414 552 447 libertas
577 413 717 454 arbitrii,
741 413 904 459 possibile
929 422 986 452 est,
1011 422 1071 452 ut,
1097 425 1174 444 cum
1198 411 1239 444 sit
1264 412 1337 457 quis

192 476 394 509 Israeliticae
421 476 544 519 gentis,
579 485 611 508 et
642 477 754 508 bonae
780 475 888 508 olivae
912 488 1043 514 ramus,
1070 474 1203 507 decidat
1224 473 1260 506 in
1284 473 1337 506 in-

194 538 451 578 credulitatem,
479 547 509 570 et
534 539 725 580 frangatur:
760 546 792 569 et
823 550 937 569 rursus
969 536 1071 575 alius,
1103 535 1161 580 qui
1196 536 1340 578 elegerat

195 600 350 644 gentisss)
385 614 456 633 esse
487 599 665 644 culpabilis
691 608 723 631 et
748 598 960 643 peccatricis,
995 606 1028 630 et
1050 611 1112 642 per
1136 598 1202 629 hoc
1226 609 1340 629 ramus

195 661 331 695 oleastri
357 661 543 700 dicebatur,
568 661 593 694 si
620 669 837 694 convertatur
863 660 905 692 ad
931 659 1046 699 fidem,
1063 680 1105 686 --
1122 660 1224 692 habet
1249 658 1340 691 enim

194 723 230 755 in
256 736 289 756 se
314 723 443 755 arbitrii
471 724 520 755 sui
536 723 573 767 ⁴)
598 723 810 761 libertatem,
846 734 912 766 qua
945 720 1095 754 converti
1118 721 1224 765 possit
1247 720 1340 764 ΜΝ)

194 786 327 817 bonum
352 805 405 825 —-,
430 784 588 817 inseritur
603 785 715 816 bonae
739 784 847 816 olivae
870 796 932 828 per
948 784 1061 822 fldem,
1091 792 1122 815 et
1142 781 1339 826 efficiturfi)

194 846 305 880 socius
331 846 452 880 radicis
479 856 511 878 et
534 845 748 890 pinguedinis
783 845 899 878 olivae.
957 844 1122 877 Radicem
1145 857 1226 876 vero
1252 844 1339 876 hanc

195 908 251 941 alii
277 910 448 941 Abraham
475 908 670 947 nominant,
696 907 751 939 alii
779 908 877 947 Seth,
910 906 966 940 alii
991 906 1139 951 aliquem
1164 919 1272 938 unum
1299 919 1339 937 ex

195 970 349 1015 patribus
382 969 519 1013 henes)
557 968 684 1001 meritis
720 977 865 1012 ponunt.
925 968 998 1009 Ego
1042 977 1155 1000 autem
1190 967 1339 999 radicem

195 1032 316 1071 aliam,
357 1045 442 1076 quae
471 1040 585 1063 saneta
619 1030 676 1069 sit,
711 1039 743 1062 et
781 1040 909 1062 sanctas
941 1029 1106 1073 primitias
1129 1028 1254 1068 nescio,
1277 1027 1342 1061 nisi

195 1093 389 1127 Dominum
424 1102 578 1125 nostrum
593 1093 627 1135 Β)
662 1093 781 1125 Jesum
816 1091 999 1124 Christum.
1062 1092 1136 1135 lpse
1171 1099 1219 1123 est
1251 1089 1341 1122 enim

196 1155 367 1200 primitiae
394 1154 566 1193 omnium,
606 1155 656 1186 vel
682 1152 907 1193 ‚,delibatio‚“
945 1162 983 1185 ut
1007 1152 1041 1185 in
1068 1151 1236 1197 praesenti
1260 1153 1338 1184 loco

196 1218 360 1250 habemus
386 1215 606 1260 Apostoli‚⁹)
632 1216 820 1248 secundum
844 1214 898 1254 id,
936 1215 1030 1259 quod
1055 1213 1135 1247 alibi
1161 1213 1272 1258 (1010)
1299 1227 1339 1246 eo

196 1279 336 1312 dicitur:
354 1277 441 1322 v„qui
458 1278 465 1297 ¹
481 1277 514 1322 1)
540 1287 588 1310 est
611 1276 857 1322 primogenitus
882 1276 991 1309 omnis
1009 1280 1212 1309 creaturae.“
1251 1274 1341 1308 Huic

197 1354 346 1385 namque
371 1339 477 1373 radici
503 1338 630 1378 omnis,
667 1338 723 1383 qui
749 1340 913 1377 salvatur,
946 1337 1122 1376 inseritur,
1153 1346 1184 1369 et
1216 1349 1254 1369 ex
1279 1336 1340 1368 hac

197 1403 406 1435 delibatione
430 1411 542 1434 sancta
569 1400 679 1433 omnis
703 1413 809 1433 massa
837 1399 975 1432 humani
1000 1398 1129 1441 generis
1154 1397 1338 1430 sanctifica-

197 1474 269 1497 tur:
310 1473 341 1496 et
371 1476 447 1495 vere
478 1462 564 1495 sicut
597 1462 691 1494 radix
725 1470 838 1494 sancta
869 1460 1084 1493 manentibus
1119 1458 1153 1491 in
1179 1473 1213 1492 se
1239 1458 1339 1491 ramis

294 1591 329 1635 ι)
357 1591 426 1624 Csr.
454 1591 578 1634 Eplies.
603 1590 646 1629 H,
674 1591 724 1624 12.

295 1649 332 1691 2)
357 1648 479 1680 Psalm.
504 1646 618 1685 XXII,
643 1648 693 1679 10.
721 1646 855 1689 (XXI.)

292 1705 329 1747 3)
354 1703 447 1737 Editi
464 1705 510 1747 (V.
528 1716 556 1735 e.
573 1704 624 1735 ed.
644 1702 691 1734 Μ.
712 1702 771 1745 l.):
787 1715 912 1743 „genus
927 1713 995 1733 esse
1010 1698 1209 1744 culpabilis“
1225 1707 1284 1731 etc.
1301 1699 1339 1731 R.

294 1758 330 1803 4)
356 1761 462 1792 Deest
484 1759 518 1791 in
544 1758 640 1791 editis
665 1759 711 1802 (v.
739 1771 764 1792 e.
790 1758 865 1791 edd.
892 1755 975 1798 Μ.);
1003 1754 1105 1794 ,‚sui.“
1130 1755 1171 1786 R.
1195 1745 1201 1751 .

295 1815 330 1859 ⁵)
356 1815 449 1848 Editi
474 1816 521 1860 (e.
549 1829 574 1847 c.
602 1815 678 1847 edd.
704 1814 791 1858 M.):
816 1813 880 1854 „ad
904 1812 1008 1844 fidem
1033 1810 1147 1844 honIf‘
1171 1811 1212 1843 R.

295 1873 333 1914 ⁶)
357 1873 458 1904 Rom.
483 1872 542 1910 XI,
570 1872 620 1905 17.

293 1929 328 1971 ⁷)
353 1927 446 1960 Edit}
476 1929 521 1971 (e.
555 1941 580 1960 c.
618 1928 694 1960 edd.
726 1925 811 1969 Μ..)
854 1925 988 1964 „bonae
1021 1922 1142 1955 mentis
1175 1927 1340 1966 ponunt.“

199 1975 282 2007 Rlsc.
307 1987 395 2006 unus
417 1974 497 2013 Reg.
524 1986 617 2006 num.
645 1972 741 2007 1639.
765 1970 869 2010 „boni
894 1969 1005 2002 meriti
1020 1973 1188 2012 ponunt.“
1228 1966 1338 2000 Ceteri

199 2033 279 2052 vero
305 2019 383 2051 Rlss.
410 2027 441 2050 et
465 2019 627 2050 Rabanus
651 2027 689 2049 ut
713 2016 747 2048 in
772 2025 873 2048 textu.
898 2015 939 2047 R.

294 2075 331 2119 Β)
357 2074 412 2108 Sic
438 2073 518 2106 editi
543 2073 590 2117 (e.
617 2087 643 2106 c.
670 2073 745 2104 edd.
772 2071 851 2115 M.)
876 2079 908 2102 et
931 2070 1104 2102 Rabanus.
1148 2069 1232 2101 Msc.
1257 2069 1337 2109 Reg.

200 2135 290 2153 numi
310 2120 405 2154 1639.
431 2123 597 2159 „meumst
635 2116 747 2150 Ceteri
765 2117 846 2149 B'Iss.
873 2114 1033 2148 omittunt
1056 2116 1106 2147 vel
1131 2117 1339 2154 ,‚nost1·u1n‚“

201 2167 251 2199 vel
277 2169 445 2205 ,‚me11m.“
471 2165 510 2196 R.

295 2220 330 2263 9)
357 2221 426 2253 Csr.
452 2220 551 2252 Rom.
578 2219 637 2257 XI,
669 2219 720 2253 16.

277 2278 331 2317 ¹⁰)
358 2278 445 2310 Edd.
471 2274 627 2310 Mei-lini:
656 2274 778 2307 dicitur
804 2276 845 2307 de
873 2287 921 2305 eo,
998 2272 1054 2316 Η)
1082 2271 1210 2305 Coloss.
1236 2269 1260 2309 l,
1288 2271 1336 2304 172
