1377 2454
160 41 227 78 136
429 41 604 77 Omcnms
626 52 663 77 m
687 41 747 88 Ery.
772 51 819 77 An
846 43 1023 80 Romanos

163 141 317 166 creatura
343 132 552 168 donabitur?
584 134 746 178 Quamvis
771 148 882 169 sermo
910 136 964 169 hic
989 134 1169 180 dupliciter
1192 136 1299 181 possit

163 194 316 236 intelligi,
339 195 374 228 id
401 205 458 236 est,
484 197 577 241 quod
603 210 700 237 „cum
717 198 750 242 1)
775 197 834 230 illo
860 197 960 231 nobis
986 197 1101 231 omnia
1127 196 1300 232 donabit.¹‘

163 256 251 288 Nam
283 265 314 288 et
347 257 414 290 hoc
444 267 554 302 potest
577 258 701 299 videri,
733 259 847 305 quod,
870 259 896 292 si
921 258 1154 303 habeamus2)
1177 259 1213 292 in
1235 272 1302 292 no-

164 316 215 350 bis
240 316 411 351 Christum
436 321 625 352 secundum
650 320 729 361 hoc,
756 321 851 365 quod
876 321 1042 362 Verbum,
1067 330 1099 354 et
1111 320 1148 366 ³)
1166 320 1301 366 sapien-

165 377 224 418 tia,
249 388 280 411 et
303 380 437 421 veritas,
470 390 500 414 et
524 380 665 426 justitia,
690 393 722 415 et
761 395 825 426 pax
865 391 922 421 cst,
947 391 979 415 ct
1024 392 1133 415 cetera
1174 381 1303 422 omnia,

167 452 255 484 quae
280 442 322 473 de
346 454 386 474 eo
419 442 542 487 scripta
573 453 665 485 sunt,
698 457 773 477 cum
807 443 870 476 hac
899 443 1113 488 plenitudine
1141 442 1304 476 virtutum

165 502 266 535 nobis
278 501 314 547 ⁴)
339 504 454 536 omnia
475 505 707 546 donabuntur,
730 505 814 549 ut5)
838 504 905 550 jam
930 518 1002 538 non
1018 519 1126 538 unum
1141 518 1179 538 ex
1193 505 1306 538 omni-

166 563 229 596 hus
256 566 425 605 creaturis,
450 575 481 598 et
504 579 648 610 parvum
674 577 782 600 terrae
808 566 900 599 hunc
925 566 1063 607 locum,
1087 579 1188 611 quem
1211 578 1306 599 nune

166 626 322 659 videmur
346 627 509 667 habitare,
532 637 724 661 teneamus:
748 629 806 661 sed
830 627 945 661 omnia
962 641 1188 673 quaecunque
1211 640 1304 661 erca-

168 686 214 719 vit
238 687 345 729 Deus,
367 688 510 722 visibilia
536 699 566 722 et
590 689 782 729 invisibilia,
807 690 942 722 occulta
967 689 1198 729 etmanifesta,
1221 697 1307 721 tem-

166 750 300 792 poralia
326 759 356 783 et
380 760 527 791 aeterna,
551 764 628 784 cum
664 750 797 784 Christo
827 750 955 795 pariter
985 750 1180 784 habeamus.
1224 748 1308 782 Pot-

169 819 217 844 est
239 820 351 844 autem
376 822 408 845 et
423 812 489 845 allo
508 813 617 845 modo
634 812 679 845 sic
695 812 846 853 intelligi,
872 812 967 856 quod
985 812 1084 845 dixit:
1098 811 1135 857 ⁶)
1161 824 1259 852 „cum
1272 810 1309 855 ⁷)

167 871 243 916 ipso
269 873 384 907 omnia
408 874 509 907 nobis
539 873 772 916 donabit:⁸‘⁹)
806 874 874 906 hoe
911 883 974 913 est,
1004 873 1068 917 ipsi
1102 874 1239 918 quidem
1273 881 1311 905 ut

169 932 318 974 haeredi,
343 936 443 968 nobis
467 948 546 968 vero
571 944 609 967 ut
634 935 882 969 cohaeredibus
906 933 976 980 ejus
992 934 1119 979 pariter
1133 947 1211 968 cum
1234 933 1309 978 ipso

174 995 306 1038 perfrui
332 997 485 1030 universa
511 996 648 1030 dabitur
673 1005 836 1029 creatura.

263 1057 318 1092 10.
343 1057 452 1100 „Quis
466 1058 503 1102 9)
539 1058 710 1091 accusabit
745 1059 901 1090 adversus
933 1057 1058 1091 electos
1079 1055 1173 1090 Dei?
1207 1056 1311 1097 Deus,

175 1117 234 1162 qui
258 1116 440 1162 justificat?
469 1118 555 1162 Quis
580 1128 626 1153 est
658 1118 717 1164 qui
751 1117 983 1151 condemnet?
1031 1118 1183 1152 Christus
1204 1118 1314 1159 Jesus,

175 1179 235 1225 qui
255 1189 409 1214 mortuus
423 1189 479 1221 est,
502 1179 573 1213 imo
588 1179 644 1223 ¹⁰)
670 1179 729 1224 qui
755 1188 787 1213 et
802 1180 990 1220 resurrexit,
1013 1180 1071 1225 qui
1096 1189 1144 1214 est
1167 1181 1210 1214 ad
1233 1180 1314 1213 dex-

174 1250 263 1274 tram
277 1241 354 1281 Dei,
380 1242 438 1286 qui
464 1241 565 1275 etiam
588 1241 782 1286 interpellat
804 1254 870 1286 pro
894 1242 994 1276 nobis
1004 1241 1039 1276 ?“
1061 1242 1207 1275 Videtur
1228 1240 1314 1274 mihi
1364 1265 1367 1266 ν

180 1304 275 1347 quod
307 1304 367 1336 ait:
396 1302 564 1348 ‚,quis¹¹)
596 1302 767 1336 accusabit
791 1304 948 1337 adversus
985 1304 1108 1338 electos
1132 1302 1241 1337 Dei?“
1270 1304 1314 1336 de

179 1364 321 1398 diabolo
355 1365 475 1398 dicere<
530 1364 721 1408 Nullus¹²)
754 1363 844 1396 enim
876 1364 919 1397 ita
945 1364 1086 1404 electus,
1118 1365 1216 1398 etita
1240 1376 1314 1397 ma-

276 1547 312 1591 ¹)
335 1547 437 1581 Rom.
465 1549 555 1589 VIII,
578 1551 630 1584 32.
656 1569 698 1575 —-
723 1550 761 1582 In
787 1549 862 1582 edd.
889 1548 935 1583 M.
960 1549 1051 1582 deest
1075 1548 1226 1589 „nobis.‘⁴

273 1603 313 1648 2)
337 1604 425 1638 Edd.
450 1605 607 1638 Merlini:
631 1605 802 1638 habemus.

274 1659 313 1704 ³)
336 1660 440 1694 Deest
462 1664 535 1700 „et“
558 1661 595 1694 in
619 1662 696 1694 edd.
720 1661 769 1695 M.

276 1715 314 1760 ἰ)
338 1716 426 1750 Edd.
451 1716 610 1749 Merlini:
637 1717 752 1749 omnia
777 1717 887 1750 nobis.

279 1771 316 1816 ⁵)
337 1772 429 1806 Editi
442 1773 489 1816 (v.
505 1786 531 1806 c.
547 1773 622 1805 edd.
638 1772 723 1817 M.):
740 1782 796 1813 „ut
810 1773 878 1818 jam
898 1772 1022 1805 nonin
1040 1785 1148 1806 unum
1165 1791 1205 1797 —
1223 1785 1315 1806 crea-

183 1816 283 1856 turis,
317 1827 347 1849 et
378 1831 522 1861 parvum
547 1838 588 1843 —
613 1819 747 1857 locum,
777 1831 877 1862 quem
900 1830 972 1851 non
1009 1819 1104 1862 (edd.
1129 1817 1177 1850 M.
1205 1817 1318 1863 nunc)

184 1862 346 1901 videmus,
370 1862 523 1895 habitare
547 1863 753 1897 timeamus.“
777 1864 816 1896 R.

279 1917 316 1962 ⁶)
340 1917 427 1950 Edd.
451 1918 604 1952 Men-lini:
631 1919 720 1952 dicit.
814 1917 852 1963 7)
875 1920 977 1952 Rom.
1003 1918 1096 1959 VIII,
1118 1919 1172 1957 32,

278 1973 316 2017 8)
341 1974 430 2007 Ε(1(1.
454 1974 613 2007 Merlini:
639 1975 786 2009 donavit.
889 1974 925 2017 9)
950 1975 1050 2008 Rom.
1075 1975 1166 2016 VIII,
1188 1976 1242 2012 33.
1265 1976 1318 2011 34.

262 2028 319 2072 ιο)
343 2030 407 2063 Ed.
434 2029 540 2064 Ruaei
565 2032 656 2064 sola:
680 2031 770 2072 „imo
796 2041 907 2065 autem
933 2031 991 2076 qui
1019 2032 1227 2066 resurrexit.“

263 2085 320 2129 ¹¹)
346 2085 444 2119 Rom.
469 2087 558 2127 VIII,
581 2088 635 2121 33.

264 2143 320 2185 ¹²)
348 2143 402 2176 Sic
435 2143 512 2175 Μεε.
547 2145 718 2188 plerique,
747 2145 926 2181 Bab-anus,
960 2155 989 2177 et
1015 2144 1094 2177 editi
1118 2144 1164 2188 (v.
1192 2156 1216 2175 c.
1243 2144 1318 2176 cdd.

191 2187 269 2230 Μ).
300 2188 383 2222 Msc-
407 2198 521 2266 flamen
547 2204 650 2224 unus:
676 2190 815 2228 ..Nullus
843 2190 933 2224 enim
960 2200 1005 2223 cst
1032 2189 1153 2223 electus
1178 2188 1221 2222 ita
1248 2202 1321 2221 ma-

191 2238 293 2273 gnus“
320 2244 377 2268 etc<
438 2261 443 2264 .
