1377 2454
283 70 634 103 COMMENTARIORUM
659 68 732 101 Lm.
757 68 846 101 VIII.
1062 70 1129 104 207

3 163 115 204 „Enos
132 160 164 205 ')
187 158 316 204 primus
332 158 368 204 2)
392 158 536 203 speravit
559 158 715 190 invocare
738 171 867 190 nomen
892 158 1073 191 Domini:“
1099 169 1130 192 ct

3 224 36 257 in
61 221 215 256 Psalmis:
246 221 431 263 „Moscs³)
464 230 495 253 et
520 221 635 253 Aaron
667 220 700 252 in
725 220 956 253 sacerdotibus
982 220 1072 266 ejus,
1098 231 1130 254 ct

3 283 136 319 Samuel
161 282 195 315 in
208 282 244 327 4)
269 282 336 322 his,
373 282 430 327 qui
460 282 618 314 invocant
643 295 770 314 nomen
795 281 874 327 ejus.
922 284 1131 316 Invocabant

1 344 200 384 Dominum,
224 353 256 376 ct
279 344 349 388 ipse
375 344 573 378 exaudiebat
598 356 671 376 eos:
709 343 744 376 in
769 344 929 377 columna
952 345 1052 378 nubis
1076 346 1128 377 lo-

0 407 164 451 quebatur
188 406 230 438 ad
257 411 344 438 cos.“

86 468 116 501 4.
141 467 353 511 „Quomodo
369 467 405 511 ⁵)
429 481 507 509 ergo
532 467 748 507 invocabunt,
774 467 809 500 in
835 480 935 512 quem
960 481 1031 500 non
1057 481 1129 499 crc-

0 528 182 563 didm-unt?
230 530 300 562 Aut
333 530 509 574 quomodo
543 530 682 561 credent
706 529 753 568 ei,
792 543 891 573 quein
916 543 987 561 non
1013 529 1129 562 audie-

0 590 100 624 runt?
164 590 354 634 Quomodo
390 601 502 623 autem
516 591 552 635 ὃ)
601 591 740 623 audient
777 591 848 624 sine
887 590 1129 635 praedicante?

0 652 187 696 Quomodo
220 666 299 685 vero
313 653 348 697 ⁷)
380 652 642 697 praedicabunt,
682 653 746 685 nisi
785 652 987 685 mittantur?
1034 653 1130 686 Sicut

0 713 204 758 scriptumss)
239 724 302 747 est:
341 728 442 758 quam
473 714 614 758 speciosi
646 716 749 759 pedes
782 714 1080 756 evangelizantium
1093 714 1129 759 ⁹)

0 776 125 808 bona!“
147 776 326 809 Manifesta
342 776 376 808 in
394 776 442 809 liis
460 790 522 820 per
537 777 611 816 hoc,
630 778 723 821 quod
740 776 835 809 dicit:
858 777 1058 820 „quomodo
1072 777 1082 796 ¹
1094 777 1129 820 ⁰)

0 851 75 879 crgo
100 837 316 877 invocabunt,
341 837 376 870 in
402 851 502 882 quem
527 851 599 870 non
625 837 889 871 crediderunt?“
913 838 1009 878 illud,
1036 839 1130 883 quod

0 899 148 943 superius
172 899 286 943 posuit
310 900 352 932 de
372 901 539 944 propheta
557 900 695 939 dictum,
722 899 799 944 quia
814 900 957 940 „oninis,
973 900 980 918 ¹
995 901 1028 946 ¹)
1055 900 1129 945 qui-

0 974 132 1004 cunque
156 960 361 994 invocaverit
392 975 519 994 nomen
545 962 706 1002 Domini,
737 962 845 995 salvus
878 962 979 1001 erit,“
1015 963 1056 994 ad
1074 962 1131 1005 12)

1 1022 172 1055 Christum
204 1023 394 1055 Dominum
420 1023 536 1055 docuit
560 1024 786 1056 referendum.
828 1023 1014 1067 Postquam
1041 1024 1131 1056 enim

0 1083 96 1116 dixit:
128 1083 269 1123 „omnis,
287 1084 342 1126 ¹³)
376 1084 569 1128 quicunque
598 1084 802 1117 invocaverit
826 1098 953 1117 nomen
979 1085 1132 1126 Domini,

0 1146 106 1177 salvus
139 1144 238 1177 e1·it:“
271 1144 458 1190 subjungit:
492 1147 692 1190 „quomodo
712 1146 767 1189 ¹⁴)
801 1160 879 1188 crgo
913 1147 1130 1188 invocabunt,

94 1272 128 1316 ¹)
155 1273 275 1305 Genes.
300 1272 358 1312 IV,
381 1273 434 1306 26.
461 1294 501 1298 -
527 1274 590 1308 Ed.
614 1275 659 1306 Μ.
682 1275 705 1306 Ι.
729 1284 936 1307 constanter:
961 1276 1131 1315 „Aenos.“

91 1328 127 1371 2)
152 1327 243 1360 Editi
269 1329 314 1372 (o.
341 1342 366 1362 e.
391 1330 465 1362 edd.
491 1329 576 1373 M.):
601 1330 714 1374 „prius
742 1330 916 1374 speravit.“
940 1332 980 1364 R.

91 1383 126 1427 ³)
150 1383 274 1417 Psalm.
298 1384 424 1424 XCIX,
449 1386 478 1418 6.
504 1387 533 1419 7.
559 1385 752 1429 (XCVIII.)

90 1439 126 1484 ⁴)
150 1440 238 1472 Edd.
262 1440 419 1472 Merlini:
445 1440 532 1473 inter
556 1455 622 1481 eos,
647 1442 705 1486 qui
729 1443 888 1476 invocant
912 1454 970 1477 etc.

91 1496 125 1539 ⁵)
149 1497 249 1529 Rom.
274 1497 316 1534 X,
342 1498 393 1530 14.
420 1498 469 1532 15.
505 1518 544 1523 —-
571 1498 609 1529 In
642 1499 692 1531 ed.
725 1499 830 1531 Pumei
856 1501 979 1534 abhinc
1004 1516 1073 1547 cap.
1100 1506 1130 1539 5.

0 1540 123 1585 incipit,
147 1541 191 1574 ita
216 1551 253 1573 ut
276 1555 347 1573 non
374 1544 424 1577 12.
451 1543 568 1587 capita,
593 1544 651 1576 sed
678 1545 729 1578 13.
755 1545 863 1589 capita
882 1547 1012 1581 Tomus
1038 1549 1129 1582 hicce

0 1586 32 1618 in
57 1587 174 1618 eadem
196 1586 375 1619 contineat.

90 1641 126 1686 ⁶)
151 1642 238 1677 Edd.
263 1643 418 1676 Merlini:
447 1657 536 1678 vero.
632 1644 667 1687 7)
691 1646 779 1680 Edd.
804 1646 957 1680 Men-lini:
984 1658 1105 1683 autem.

89 1698 126 1743 8)
153 1699 222 1732 Cfr.
246 1699 348 1732 Jesai.
372 1700 442 1739 LH,
466 1702 494 1734 7.
520 1702 596 1735 coll.
620 1702 720 1735 Rom.
746 1704 789 1742 X,
815 1704 867 1736 15.

90 1755 126 1797 9)
152 1755 206 1789 Sic
232 1769 350 1789 omncs
374 1757 454 1790 Blss.
479 1757 595 1790 nostri.
620 1758 713 1790 Editi
731 1772 809 1791 vcro
835 1759 881 1802 (e.
908 1774 934 1792 c.
960 1762 1034 1794 edd.
1060 1761 1129 1807 Μ)

0 1800 140 1837 habent:
174 1801 494 1844 „evangelizantium
525 1816 660 1847 pacem,
698 1804 994 1845 evangelizantium
1019 1806 1129 1841 bona!

0 1845 177 1878 Manifesta
200 1856 338 1890 apparet
362 1847 397 1880 in
422 1848 471 1881 his
495 1862 557 1892 per
581 1849 656 1889 hoc,
682 1850 775 1893 quod
802 1849 902 1882 dicit“
928 1861 987 1885 etc.
1012 1852 1052 1885 R.

71 1900 127 1944 ¹⁷⁰)
150 1901 250 1935 Rom.
274 1903 317 1942 X,
343 1904 394 1937 14.

0 1956 222 2035 nm¹¹1))Cs1-.
245 1958 343 1994 Rom.
376 1960 419 2000 X,
446 1962 496 1995 13.
522 1962 599 1994 coll.
623 1962 711 1994 Joel.
735 1962 802 2003 ΠῘ,
829 1965 862 1997 5.
901 1973 932 1996 et
955 1977 1028 2009 pag.
1052 1966 1129 2000 206.

43 2102 51 2109 ⁰
72 2058 279 2110 ¹²)‘Yerbaz
310 2062 374 2099 „ad
399 2061 569 2094 Christum
605 2083 644 2087 —
670 2065 895 2098 referendum.
941 2065 1128 2110 Postquam

0 2115 87 2153 §mim
113 2105 211 2136 dunt:
244 2105 370 2145 omnis,
407 2107 600 2151 quicunque
625 2127 668 2133 —
700 2110 861 2149 Domini,
903 2112 1011 2143 salvus
1036 2113 1128 2153 erit,“

0 2160 33 2179 in
57 2148 152 2181 editis
183 2150 229 2193 (v,
255 2163 281 2181 c.
307 2151 381 2183 edd.
407 2153 475 2195 M.)
500 2166 665 2197 nusquam
691 2155 916 2199 reperiuntur.
941 2158 981 2190 R.

72 2205 126 2249 ¹3)
152 2207 250 2240 Rom.
269 2207 313 2245 X,
334 2207 385 2241 13.
405 2208 481 2241 coll.
498 2210 585 2244 Joel,
604 2211 662 2246 III,
686 2213 716 2245 5.
739 2221 770 2243 et
793 2224 866 2255 pag.
885 2212 954 2257 huj.
977 2223 1047 2247 not.
1076 2216 1126 2251 11.

72 2260 127 2304 ¹⁴²)
151 2262 251 2294 Rom.
277 2263 318 2301 X,
344 2263 394 2296 14.
