1377 2454
303 91 653 126 COMMENTARIORUM
677 92 749 124 Lm.
773 91 864 124 VIII.
1014 75 1018 79 μ
1088 93 1156 128 203

25 186 148 218 debant
169 182 203 215 in
228 183 331 215 corde
356 195 435 222 suo,
469 182 561 226 quod
586 181 680 214 Deus
704 181 801 214 illum
826 181 993 214 suscitavit
1017 195 1034 215 a
1059 196 1153 215 mor-

24 246 95 280 tuis.
141 243 304 288 Alioquin
335 245 520 277 absurdum
544 242 692 283 videtur,
710 242 743 288 ¹)
779 243 805 276 si
838 253 869 276 ct
891 243 979 276 inter
1004 258 1072 285 eos,
1097 244 1154 289 qui

23 307 56 340 in
79 304 215 338 nomine
241 304 311 350 ejus
336 314 598 347 congregantur,
626 304 758 337 medius
789 318 856 338 esse
881 305 1019 345 dicitur,
1046 316 1077 339 et
1100 306 1152 338 in-

19 377 72 400 ter
96 380 163 406 eos,
195 366 251 411 qui
285 380 362 399 euni
387 366 555 399 nesciunt:
577 365 641 399 nisi
666 365 862 411 hujusmodi
888 367 1078 400 differentia
1104 378 1152 400 tc—

21 438 150 468 ncatui·,
191 430 284 472 quod
309 428 396 461 inter
420 428 610 470 ignorantes
642 437 673 460 et
697 429 852 461 nondum
877 430 1050 462 credentes
1074 443 1153 474 pos—

20 489 174 523 sibilitate
198 491 328 523 mediiis
354 490 491 529 dicitur,
515 489 601 522 inter
627 490 799 522 credentes
825 504 903 523 vero
930 490 1094 530 efficacia,
1119 491 1154 524 id

22 561 77 591 est,
103 552 148 584 rei
174 551 276 595 ipsius
303 560 333 583 et
357 551 467 596 operis
493 552 624 584 effectu.
684 552 809 583 Verum
838 561 869 584 ct
892 553 978 585 illud
1004 553 1154 592 observa,

23 614 116 658 quod
150 612 213 646 ait:
247 612 399 657 „quia²)
431 613 455 645 si
489 612 678 645 confitearis
710 613 745 645 in
779 626 838 645 ore
870 623 929 645 tuo
963 615 1155 647 Dominum

20 675 149 713 Jesum,
175 684 206 707 et
230 674 412 707 credideris
437 674 472 706 in
498 675 600 706 corde
625 684 697 714 tuo,
722 676 815 719 quod
842 676 936 707 Dcus
961 675 1057 708 illuni
1083 691 1154 709 sus-

21 736 132 769 citavit
156 748 173 768 a
210 735 370 775 mortuis,
405 736 512 768 salvus
538 735 633 768 ei·is.“
686 735 868 768 videbitur
899 736 987 769 enim
1015 738 1154 782 quibus-

20 800 97 832 dam
121 812 182 842 per
206 797 341 840 ho‹t,³)
367 797 461 842 quia,
502 797 601 829 ctiam
627 797 653 829 si
678 797 786 831 desint
810 797 910 831 alicui
935 798 1019 831 boni
1043 799 1155 844 operis

19 859 208 905 privilegia,
244 858 343 892 etiam
376 859 402 892 si
435 859 613 891 virtutibus
647 873 786 904 operam
818 873 889 892 non
914 861 1064 901 dederit,
1089 863 1156 894 hoc

20 922 93 966 ipso
119 931 250 961 tamen,
284 922 377 966 quod
402 921 560 962 credidit,
591 935 661 953 non
686 931 821 966 pereat,
852 922 910 954 sed
935 924 1096 962 salvetur,
1123 933 1155 956 ct

19 984 143 1016 habeat
181 984 339 1022 satutem,
386 982 485 1015 etiam
522 983 547 1016 si
593 983 809 1016 beatitudinis
851 983 993 1025 gloriam
1031 985 1156 1017 habere

22 1058 94 1077 non
109 1044 144 1088 ⁴)
170 1044 302 1088 poterit.
351 1044 419 1077 Sed
445 1044 529 1082 vide,
557 1057 599 1076 ne
623 1044 726 1086 magis
750 1045 835 1077 illud
860 1045 999 1087 intelligi
1025 1047 1156 1085 debeat,

24 1107 117 1150 quod
145 1105 201 1150 qui
225 1118 303 1137 vero
330 1114 362 1136 et
385 1118 456 1137 non
482 1106 567 1137 salso
593 1107 774 1138 confitetur
799 1119 858 1138 ore
883 1106 1072 1139 Dominum
1097 1108 1155 1140 Je-

22 1181 106 1207 sum,
133 1176 163 1199 ct
188 1167 290 1199 corde
309 1165 425 1204 credit,
449 1166 577 1210 pai-iter
593 1167 795 1199 confiteatur
816 1180 850 1199 se
874 1167 1062 1200 dominatui
1076 1170 1156 1201 sub-

22 1228 146 1274 jectum
182 1241 249 1260 csse
282 1227 472 1271 sapientiae,
510 1238 541 1260 ct
565 1227 726 1273 justitiae,
752 1237 783 1260 ct
806 1228 962 1268 veritatis,
989 1239 1021 1262 et
1046 1230 1156 1263 omni-

22 1292 94 1329 bus,
122 1303 206 1334 qnae
233 1288 383 1322 Christus
410 1299 471 1322 est:
498 1302 558 1321 nec
578 1289 640 1321 sibi
654 1289 740 1321 ultra
763 1302 831 1322 csse
850 1291 1027 1323 dominum
1047 1305 1155 1324 mam-

21 1365 170 1391 monam,
196 1351 230 1383 id
256 1360 312 1390 est,
336 1364 447 1394 neque
472 1350 642 1382 avaritiam
667 1350 730 1383 sibi
751 1351 857 1390 ulti-a,
890 1365 1001 1395 neque
1025 1352 1154 1398 injusti-

20 1413 118 1452 tiam,
155 1426 266 1456 neque
300 1411 566 1456 impudicitiam,
602 1425 713 1456 neque
737 1412 953 1445 mendacium
978 1414 1156 1448 dominari.

23 1474 136 1508 Semel
163 1474 251 1506 enim
276 1474 393 1506 Jesum
408 1474 444 1518 ⁵)
471 1473 641 1506 Christum
656 1473 848 1507 Dominum
867 1475 1048 1514 confessus,
1070 1474 1156 1507 niilli

21 1536 143 1568 horum
183 1549 217 1568 se
247 1535 370 1568 sci-vire
401 1536 589 1580 profitetur.
648 1537 716 1569 Sed
751 1545 783 1569 et
815 1536 952 1569 credens
983 1535 1019 1568 in
1051 1537 1156 1568 corde

20 1611 92 1637 suo,
118 1597 210 1642 quod
235 1597 329 1630 Deus
354 1596 450 1629 illum
465 1597 500 1641 6)
533 1597 698 1630 suscitavit
727 1611 745 1630 a
778 1597 940 1638 mortuis,
978 1597 1155 1641 certum7)

119 1770 152 1813 ¹)
179 1768 356 1803 Omittitur
380 1768 414 1800 in
440 1769 536 1802 editis
560 1772 608 1814 (v.
635 1783 661 1802 c.
687 1771 762 1802 cdd.
789 1770 875 1813 M.):
906 1770 1089 1810 „videtui-f*
1114 1773 1153 1804 R.

115 1824 151 1869 2)
176 1825 277 1861 Rom,
303 1825 346 1863 X,
383 1826 413 1858 9.
438 1846 478 1850 —-
512 1826 599 1859 Edd.
632 1825 769 1858 Mei-lini
795 1826 860 1858 hoc
893 1829 990 1868 loco,
1028 1831 1086 1863 css.
1123 1843 1154 1874 p.

22 1870 96 1903 201.
121 1879 192 1902 not.
216 1871 246 1904 7.
270 1871 385 1914 „quod
411 1870 504 1903 Deus
529 1871 696 1904 suscitavit
720 1871 836 1904 illum“
864 1882 924 1907 etc.

116 1925 152 1970 3)
178 1925 264 1958 Edd.
289 1925 445 1958 Mcrlini:
472 1928 561 1959 haec.

118 1980 153 2024 ⁴)
178 1981 268 2013 Editi
293 1984 334 2023 (v.
360 1996 386 2014 c.
413 1984 488 2015 cdd.
512 1984 597 2027 M.):
621 1997 712 2023 „non
738 1984 918 2028 potue1·it.“
942 1985 984 2018 R.

118 2037 154 2080 ⁵)
179 2036 265 2070 Edd.
290 2038 445 2071 Merlini:
471 2040 649 2072 dominum
675 2040 791 2072 Jcsum
818 2041 998 2074 Chri5tum.

117 2092 154 2135 6)
180 2092 268 2127 Edd.
292 2093 440 2134 Martini,
466 2097 523 2128 cfr.
549 2110 579 2141 p.
604 2095 674 2141 biij.
698 2105 767 2128 not.
784 2098 815 2130 2.
840 2110 938 2136 „eum
957 2097 1156 2131 suscitavit.“

119 2147 153 2190 7)
178 2147 271 2180 Editi
295 2148 340 2192 (c.
366 2163 390 2181 c.
417 2152 491 2184 edd.
516 2151 603 2195 HJJ:
639 2161 789 2190 „certum
815 2162 862 2185 est
887 2152 962 2196 quia
988 2153 1155 2185 suscitavit

27 2205 102 2224 cum
128 2193 170 2224 ad
198 2191 468 2237 justificationem
505 2196 586 2234 sui‚“
613 2198 736 2230 oiiiisso
762 2198 922 2236 „crcdit.“
978 2199 1025 2229 lta
1057 2198 1154 2231 etiam

26 2237 207 2276 Rath-nnus,
247 2238 302 2282 qui
339 2240 440 2271 habet
473 2241 619 2279 „crcdit“
656 2242 691 2274 in
724 2243 799 2275 fine.
858 2242 915 2277 Sic
947 2243 1045 2275 cti-‘iiii
1072 2244 1154 2277 Msc.

26 2295 122 2322 unus,
148 2282 204 2327 qui
230 2284 331 2317 habet
358 2285 507 2326 „cordis“
539 2300 618 2330 pro:
646 2287 804 2326 „ci·edit.“
851 2288 919 2322 Sed
945 2288 1045 2321 ceteri
1071 2290 1151 2321 Mss.
