1377 2454
187 101 254 136 126
456 99 632 133 Omcfflms
655 110 692 133 m
717 100 778 133 Ep.
804 108 851 133 An
877 100 1055 134 Rommos

188 189 245 234 qui
270 198 407 221 vocatus
431 201 503 221 non
528 199 591 229 est,
621 189 700 222 ideo
726 200 862 224 vocatus
886 204 958 223 non
984 200 1049 230 est,
1077 191 1154 235 quia
1177 204 1249 224 non
1275 200 1321 224 est

184 249 467 295 praedestinatu33
501 261 533 284 et
573 250 631 295 qui
662 251 930 296 praedestinatus
955 265 1027 285 non
1054 261 1120 292 est,
1145 252 1224 286 ideo
1248 266 1321 286 non

185 321 233 345 est
256 312 532 356 praedestinatus,
558 313 635 357 quia
659 327 730 346 non
760 323 806 346 est
830 313 1077 358 praecognitus.
1115 314 1159 347 Et
1176 314 1210 356 ¹)
1235 313 1321 354 vide,

182 374 218 406 in
245 388 347 419 quam
373 375 554 407 absurdam
580 375 779 408 sententiam
806 374 964 408 decidant
979 375 1023 415 hi,
1049 375 1107 420 qui
1129 375 1320 420 praescien-

182 435 263 468 tiam
290 436 357 468 Dei
383 435 418 468 in
442 437 507 468 hoc
534 445 666 469 tantum
691 437 871 482 accipiunt,
897 435 1039 482 quasi²)
1066 438 1125 481 qui
1149 450 1209 476 ea,
1235 449 1321 481 quae

181 498 404 542 postmodum
437 498 550 530 futura
584 508 679 538 sunt⁷
720 509 796 531 ante
831 507 1041 543 praenoscat.
1056 498 1093 543 3)
1149 497 1321 530 Invenitur

181 560 271 593 enim
313 560 501 593 secundum
516 558 551 603 4)
587 559 669 599 hoc,
706 561 799 604 quod
840 574 940 605 supra
981 560 1211 605 exposuimus,
1247 572 1321 592 non

180 620 361 667 praescisse
392 621 488 653 Deus
520 635 605 666 quos
637 635 708 654 non
739 622 1009 665 praedestinavit.
1056 622 1102 655 Et
1132 635 1267 654 rursum
1293 621 1319 654 si

180 685 224 716 ad
248 696 467 715 communem
499 684 664 715 referatur
699 684 954 724 intelligentiam
991 685 1073 723 hoc,
1111 684 1205 728 quod
1231 682 1319 722 dicit,

181 745 259 789 quia
282 758 390 789 „quos
408 745 443 788 ⁵)
469 745 615 784 voravit,
650 745 727 777 illos
754 754 785 778 et
810 744 1038 791 justificavit,“
1076 745 1244 787 ingentem
1267 746 1318 777 fe-

177 816 325 839 nestram
350 805 590 851 patefaciemus
616 806 734 849 his,5)
768 807 825 851 qui
858 817 979 849 negant
1013 820 1083 840 esse
1107 807 1141 840 in
1166 805 1318 839 hominis

177 877 360 913 potestate,
396 877 433 899 ut
474 868 582 900 salvus
621 869 685 901 fiat.
749 867 856 914 Ajunt
885 869 992 902 enim:
1028 869 1193 907 sinens,
1232 881 1317 912 quos

176 930 373 974 praescivit,
403 929 481 962 illos
508 940 538 963 et
561 930 841 974 praedestinavit3
867 940 899 963 et
930 944 1016 976 quos
1047 929 1319 974 praedestinavit,

176 991 254 1024 illos
281 1001 312 1024 et
336 990 482 1023 vocavit:
516 1001 547 1024 ct
580 1005 664 1036 quos
691 992 831 1032 vocavit,
855 992 932 1024 illos
964 1001 996 1024 et
1021 990 1229 1037 justificavit:
1264 989 1317 1023 ni-

175 1053 225 1086 hil
259 1053 379 1097 culpae
410 1053 538 1085 habent
572 1053 672 1097 hi,⁷)
701 1053 758 1097 qui
782 1067 852 1086 non
878 1053 1119 1099 justificantur,
1154 1052 1231 1097 quia
1255 1065 1318 1085 nec

178 1114 287 1148 vocati
321 1124 415 1154 sunt,
447 1128 509 1146 nec
542 1114 800 1158 praedestinati,
823 1128 884 1147 nec
909 1114 1127 1159 praecogniti.
1177 1114 1319 1158 Tum3)

177 1177 278 1210 etiam
301 1176 388 1208 illud
414 1185 529 1219 aperte
552 1176 653 1208 nobis
679 1177 883 1217 adversatur,
898 1175 933 1221 ⁹)
969 1177 1063 1221 quod
1087 1189 1159 1209 non
1186 1188 1316 1215 omnes,

175 1239 234 1284 qui
259 1247 439 1277 vocantur,
473 1238 572 1270 etiarn
597 1237 831 1282 justificantur.
892 1239 980 1271 Nam
1015 1247 1047 1271 et
1078 1239 1186 1271 Judas
1218 1237 1313 1281 Apo-

175 1301 281 1334 stolus
307 1308 443 1332 vocatus
467 1309 533 1338 est,
565 1301 623 1332 sed
648 1314 718 1332 non
755 1310 803 1333 est
826 1299 1032 1345 justificatus.
1082 1299 1189 1343 Quod
1205 1298 1261 1343 ¹⁰)
1284 1308 1317 1330 et

175 1362 201 1395 si
225 1361 440 1407 justificatum
469 1374 545 1393 eum
573 1363 757 1394 contendat
788 1361 909 1406 aliquis
934 1375 974 1394 eo
999 1361 1093 1406 ipso,
1120 1374 1189 1405 quo
1214 1373 1313 1392 voca-

176 1434 228 1456 tus
253 1433 310 1463 est,
330 1436 402 1455 non
429 1432 477 1455 est
501 1432 589 1455 certe
621 1423 837 1465 glorificatus.
886 1424 954 1456 Sed
981 1432 1013 1456 et
1038 1422 1097 1462 illi,
1124 1423 1165 1455 de
1191 1421 1314 1466 quibus

272 1614 307 1657 ¹)
331 1612 425 1646 Editi
451 1613 497 1657 (v,
523 1626 549 1646 c.
574 1615 649 1647 edd.
676 1614 760 1657 M.):
788 1613 909 1653 ‚,Vi‹]e‚
935 1613 991 1645 in“
1016 1622 1076 1645 etc.
1104 1612 1143 1644 R.

266 1669 303 1712 ²)
328 1668 420 1701 Editi
445 1670 492 1713 (v.
520 1683 547 1702 c.
573 1670 649 1702 edd.
675 1670 760 1714 M.):
785 1670 902 1714 „quasi
929 1668 987 1713 qui
1010 1677 1042 1700 et
1061 1671 1168 1711 quae“
1193 1676 1254 1705 etc⁴
1272 1668 1311 1699 R.

263 1726 298 1768 ³)
324 1726 415 1758 Edd.
439 1725 596 1759 Merlini:
620 1735 854 1771 praenoscant.

266 1781 302 1825 ⁴²)
328 1781 421 1814 Editi
454 1783 501 1826 (e.
537 1797 564 1816 c.
599 1783 674 1815 edd.
708 1781 796 1825 M.):
834 1780 1043 1822 „secundum
1070 1781 1151 1812 haec
1182 1789 1310 1824 postea,

172 1839 258 1872 quae
289 1839 390 1871 supra
424 1828 670 1872 exposuimus.“
723 1827 807 1859 Msc.
839 1840 943 1859 unus:
986 1826 1195 1864 „secundum
1228 1826 1310 1858 haec

169 1886 232 1917 per
264 1884 318 1911 ea,
352 1885 438 1916 quae
470 1887 570 1917 supra
607 1871 852 1917 exposuimusf‘
914 1871 970 1904 Sic
1003 1870 1102 1903 etiam
1136 1871 1310 1911 Rabanus,

169 1916 233 1950 nisi
265 1918 359 1961 quod
391 1917 525 1951 omittat
555 1919 796 1958 ‚,secundum.“
852 1916 920 1949 Sed
953 1916 1055 1948 ceteri
1093 1915 1174 1950 Mss.
1206 1925 1244 1948 ut
1274 1915 1309 1948 in

169 1971 287 1995 nostro
312 1971 414 1995 textu.
439 1964 480 1997 R.

265 2018 310 2070 5’).
325 2019 425 2052 Rom.
452 2019 544 2058 VIII,
567 2019 621 2052 30.
649 2039 689 2044 —-
715 2017 805 2055 Edd.
828 2017 879 2051 M.
913 2026 945 2049 et
967 2017 1010 2051 R.
1035 2018 1101 2050 hoc
1126 2018 1220 2050 loco:
1245 2016 1308 2057 „il-

169 2064 220 2097 los
245 2073 279 2097 et
300 2063 522 2110 justificavit.“

262 2120 299 2164 ⁶)
324 2120 414 2153 Edd.
439 2119 595 2153 Merlini:
622 2119 671 2152 iis.
780 2118 817 2162 ⁷)
840 2119 930 2152 Edd.
955 2117 1113 2152 Merlini:
1138 2118 1171 2151 ii.

262 2176 299 2221 8)
324 2177 413 2209 Edd.
437 2176 593 2209 Merlini:
622 2175 710 2208 Cum
735 2174 835 2208 etiam
861 2185 920 2208 etc.

262 2232 299 2277 9)
324 2233 388 2266 Ed.
413 2234 460 2266 M.
485 2233 534 2265 II:
562 2233 764 2265 adversetur.

245 2290 301 2333 ¹⁰)
326 2290 414 2322 Edd.
439 2288 598 2323 Merlini:
626 2288 701 2333 quia
728 2298 760 2321 et
784 2287 810 2320 si
837 2296 897 2320 etc.
