1377 2454
201 99 268 134 142
471 99 647 133 Omenms
671 109 707 133 m
730 100 792 133 ΕΡ.
817 109 864 133 ΑΒ
890 98 1067 134 ΒοΜΑΝοε

198 189 243 223 Et
266 190 344 222 ideo
368 189 425 229 „in
440 188 474 233 ¹)
497 190 564 230 his,
589 190 717 235 inquit,
741 191 900 224 omnibus
923 196 1142 236 superamus“
1170 205 1241 225 non
1265 206 1329 226 no-

198 261 264 284 stra
289 251 420 293 virtute,
442 253 501 285 sed
531 264 616 296 „per
639 265 734 293 eum,
759 253 816 297 qui
843 252 956 286 dilexit
978 258 1072 287 nos.“
1118 254 1212 286 Dum
1240 254 1329 287 enim

199 314 234 346 in
259 314 349 347 illius
373 326 490 346 amore
513 314 710 357 pendemus,
732 327 865 349 sensum
892 315 1020 348 doloris
1044 329 1117 348 non
1141 316 1331 361 recipimus.

200 375 295 408 Illius
319 375 409 408 enim
433 375 569 414 caritas,
594 376 709 419 qua2)
741 389 804 410 nos
829 377 952 418 dilexit,
985 386 1017 410 et
1045 387 1199 410 nostrum
1231 378 1274 410 ad
1298 390 1332 411 se

201 438 315 482 rapuit
346 438 524 476 affectum,
556 437 743 470 cruciatum
775 438 929 482 corporis
963 437 1039 483 et3)
1072 439 1229 472 dolorem
1260 452 1331 471 non

201 499 325 532 sentire
355 513 418 532 nos
448 499 539 531 facit.
585 499 668 531 Ideo
695 511 774 540 ergo
799 500 853 539 „in
868 499 904 544 4)
930 499 981 533 his
1011 500 1171 533 omnibus
1194 513 1333 544 supera-

201 564 308 594 mus.“
356 560 441 593 Tale
465 560 593 605 aliquid
624 570 655 593 et
677 560 712 593 in
737 560 885 594 Canticis
909 561 1043 605 Sponsa
1077 561 1157 594 dicit
1181 562 1225 593 ad
1248 561 1333 593 Ver-

201 624 306 662 bum,
331 622 409 666 quia
443 622 698 667 „vulnerata,⁵)
728 623 848 667 inquit,
874 623 1012 656 caritate
1042 635 1103 664 ego
1127 627 1233 656 sum.“
1281 623 1334 655 Ad

203 685 295 717 hunc
328 697 404 726 ergo
438 686 581 717 modum
618 694 650 717 et
686 685 798 718 anima
831 694 945 718 nostra
980 698 997 717 a
1031 684 1165 718 Christo
1198 685 1336 716 vulnere

204 746 351 779 caritatis
375 756 528 790 accepto,
553 746 652 779 etiam
683 746 709 779 si
733 748 843 779 tradat
866 746 978 788 gladio
1006 760 1141 791 corpus,
1164 759 1236 779 non
1261 758 1335 779 sen-

203 807 262 840 tiet
284 809 424 840 vulnera
450 808 558 840 carnis
581 809 712 852 praefi)
735 810 875 841 vulnere
902 808 1055 842 caritatis.

295 870 350 904 12.
369 869 542 908 „Confido
557 868 593 913 7)
620 870 770 914 enim,⁸)
797 871 875 915 quia
892 883 1003 914 neque
1028 883 1131 909 mors,
1154 881 1265 913 neque
1289 868 1336 900 vi-

203 940 247 970 ta,
270 944 382 975 neque
407 931 535 972 angeli,
564 944 674 975 neque
689 931 725 976 9)
757 932 963 976 principatus
992 943 1104 975 neque
1137 929 1337 974 praesentia,

204 1006 317 1037 neque
339 994 465 1031 futura,
489 1005 601 1036 neque
624 992 777 1033 virtutes,
800 1007 912 1038 neque
936 994 1099 1032 altitudo,
1122 1005 1233 1036 neque
1256 1005 1339 1036 pro-

205 1055 364 1092 fundum,
387 1066 498 1097 neque
523 1064 674 1087 creatura
700 1055 764 1088 alia
788 1056 914 1100 poterit
934 1069 1006 1099 »nos
1028 1066 1186 1098 separare
1210 1066 1229 1086 a
1255 1053 1340 1085 cari·

206 1125 273 1149 tate
311 1116 394 1154 Dei,
431 1128 518 1160 quae
556 1125 602 1148 cst
633 1116 666 1148 in
703 1116 838 1149 Christo
880 1117 961 1149 Jesu
994 1115 1150 1149 Domino
1190 1117 1342 1147 nostro.“

206 1179 305 1211 Duos
337 1178 469 1210 videtur
495 1179 632 1211 ordines
656 1179 840 1222 Apostolus
878 1177 1060 1212 ostendisse
1086 1189 1224 1215 eorum,
1253 1188 1341 1220 quae

206 1240 403 1273 hominibus
433 1240 636 1272 tentationes
665 1239 825 1273 suscitare
862 1248 1118 1274 consueverunt.
1166 1238 1210 1270 Et
1232 1238 1265 1270 in
1291 1237 1341 1270 his

206 1302 357 1347 quidem,
381 1314 468 1346 quae
492 1301 585 1345 prius
607 1301 831 1342 disseruimus,
855 1302 1081 1335 humanarum
1114 1300 1340 1333 tentationum

206 1364 405 1405 intelligitur
439 1364 527 1395 ordo
560 1363 762 1406 descriptus:
792 1365 835 1396 de
866 1363 990 1408 quibus
1023 1363 1122 1396 etiam
1156 1360 1341 1394 Corinthiis

208 1426 358 1465 dicebat,
391 1433 511 1468 utpote
540 1424 597 1468 qui
630 1423 760 1468 majora
793 1426 882 1457 serre
905 1438 976 1457 non
1002 1431 1176 1468 poterant:
1210 1430 1339 1462 „teuta-

207 1487 254 1520 tio
271 1486 328 1530 ιο)
357 1499 416 1519 vos
440 1499 514 1518 non
538 1486 789 1530 apprehendat,
813 1486 876 1518 nisi
904 1486 1073 1518 humana:
1095 1484 1204 1518 fidelis
1229 1492 1340 1516 autem

208 1548 314 1588 Deus,
337 1547 395 1592 qui
419 1561 490 1580 non
514 1547 686 1591 permittet
720 1561 778 1580 vos
804 1547 926 1580 tentari
949 1559 1050 1591 supra
1076 1546 1122 1586 id,
1147 1546 1241 1590 quod
1263 1552 1341 1588 pot-

305 1682 339 1726 ¹)
363 1681 466 1714 Rom.
491 1679 582 1719 VIII,
603 1680 658 1714 37.
751 1681 788 1725 2)
813 1679 902 1713 Edd.
927 1678 1083 1712 Merlini:
1108 1679 1175 1723 qui.

303 1738 339 1782 ³)
363 1738 453 1771 Edd.
476 1736 633 1769 Mer-lini:
660 1746 690 1769 et
715 1737 871 1769 dolorem
895 1735 1017 1769 sentire
1039 1748 1102 1768 nos
1128 1747 1200 1767 non
1225 1734 1313 1767 facit.

302 1794 339 1837 4)
365 1793 466 1826 Rom.
492 1793 585 1832 VIII,
613 1793 667 1827 37.
763 1791 799 1837 5)
826 1791 957 1824 Cantic.
982 1790 1023 1829 II,
1047 1791 1078 1823 5.

304 1848 340 1893 ⁶)
367 1849 496 1882 Omnes
520 1849 599 1882 Mss.
625 1858 656 1880 et
681 1848 784 1881 editio
810 1846 987 1880 Salodiani
1004 1846 1136 1891 (itemq.
1151 1846 1202 1878 ed.
1216 1844 1265 1876 M.
1282 1843 1343 1886 l.):

210 1909 294 1940 „pro
327 1894 467 1927 vulnere
502 1894 676 1926 caritatisf‘
737 1893 806 1926 Sed
844 1892 1025 1933 legendum
1055 1891 1202 1924 videtur:
1241 1900 1344 1934 „prae

209 1943 347 1973 vulnere
372 1939 545 1972 caritatis.“
570 1938 610 1971 R.

304 1996 339 2040 7)
366 1995 464 2028 Rom.
489 1994 580 2034 vm,
603 1994 657 2029 38.
681 1994 735 2028 39.

305 2051 342 2094 ⁸)
366 2050 459 2083 Editi
493 2049 540 2095 (v,
567 2063 592 2082 c.
619 2050 693 2082 edd.
718 2049 802 2091 M.):
836 2047 977 2088 „Certus
1006 2061 1081 2081 sum
1108 2047 1215 2085 enim,
1245 2045 1344 2090 quia“

212 2106 273 2130 etc.
320 2097 388 2129 Sed
415 2108 532 2128 omnes
556 2094 635 2127 M'ss.
659 2093 833 2134 „Confido
859 2093 961 2132 enirn,
986 2093 1084 2137 quia“
1110 2101 1172 2125 etc.
1197 2091 1236 2124 R.

305 2152 342 2195 9)
366 2152 455 2185 Edd.
480 2150 636 2183 Merlini:
668 2162 780 2193 neque
802 2149 1029 2193 principatus,
1058 2159 1171 2192 neque
1199 2146 1346 2184 virtutes,

213 2211 323 2242 neque
348 2196 516 2236 instantia,
538 2207 651 2239 neque
675 2196 799 2233 futura,
823 2207 933 2239 neque
958 2193 1137 2231 fortitude,
1160 2204 1272 2236 neque
1295 2191 1342 2223 al·

212 2244 322 2276 titudo
349 2252 408 2275 etc.

286 2298 344 2342 ¹⁰)
367 2298 381 2330 1
407 2297 486 2331 Cor.
510 2297 554 2336 x,
584 2297 636 2331 13.
