1377 2454
334 41 686 74 COMMENTARJORUM
710 38 781 71 Lm.
808 37 881 69 VII.
1100 36 1165 72 135

37 132 158 166 ctionis
181 131 322 164 mortuis
347 130 499 174 aperiret.
553 129 642 168 „Pro
660 128 693 170 ¹)
727 126 887 160 omnibus
920 137 999 167 ergo
1024 125 1162 158 tradidit

36 198 142 227 eum.“
189 193 270 224 Non
293 193 402 225 solum
428 205 491 235 pro
516 190 653 229 sanctis,
684 202 754 222 non
783 188 894 221 solum
926 201 990 232 pro
1021 186 1162 228 magnis,

33 256 90 288 sed
113 263 145 287 et
168 267 230 298 pro
255 253 420 293 minimis,
445 252 525 295 et2)
548 265 613 295 pro
639 251 797 284 omnibus
821 250 977 288 omnino,
1002 249 1060 293 qui
1083 258 1161 282 sunt

33 316 66 348 in
93 316 242 354 eeclesia,
266 315 403 349 tradidit
421 314 544 346 Filium
561 312 740 357 proprium
760 311 878 343 Pater:
905 320 936 343 ct
960 310 1038 343 ideo
1060 310 1158 343 etiam

32 377 58 411 si
78 377 299 409 minimorum
325 376 470 420 aliquem
496 384 529 407 et
551 374 766 407 infirmorum
794 373 904 405 laedat
927 372 1011 416 quis,
1035 385 1158 415 percu·

32 439 116 471 tiens
140 437 209 482 ejus
232 437 400 470 infirmam
426 435 674 474 conscientiam,
698 434 731 466 in
756 433 926 466 Christum
944 445 1085 478 peccare
1109 432 1159 465 di-

33 500 129 538 citur,
153 499 314 543 quoniam
329 499 465 541 quidem
480 497 682 530 scandalizat
705 495 864 534 animam,
886 509 950 540 pro
968 508 1032 539 qua
1060 493 1159 526 Chri-

34 570 100 594 stus
127 570 279 593 mortuus
305 568 358 592 est.
407 558 497 602 Quia
521 571 599 599 ergo
626 572 690 602 pro
716 557 875 589 omnibus
900 557 999 590 nobis
1024 554 1161 588 tradidit

33 621 157 654 Fiflium
183 621 291 660 Pater,
315 621 428 653 nullus
453 620 606 659 omnino,
630 619 721 662 ne3)
744 619 904 651 minimus
929 618 1078 663 quidem,
1102 617 1160 661 qui

33 691 79 715 est
101 682 134 714 in
161 682 308 720 ecclesia,
334 682 601 714 contemnendus
627 690 688 714 est:
726 690 757 713 et
787 680 867 713 ideo
892 679 1065 712 Dominus
1088 678 1160 722 ipse

32 743 179 775 dicebat:
210 742 306 786 ‚,si⁴²)
341 742 412 786 quis
432 742 709 775 scandalizaverit
739 755 846 774 unum
872 754 908 774 ex
939 741 1068 785 pusillis
1093 740 1160 772 istis

31 804 186 843 minimis,
211 803 391 847 expedit-⁵)
422 804 548 836 molam
575 803 753 836 asinariam
786 803 929 846 ligari5)
966 802 1054 835 circa
1088 800 1159 832 col—

31 865 98 896 lum
125 863 204 909 ejus,
229 873 261 896 et
284 864 500 909 praecipitari
526 878 602 897 eum
627 864 662 896 in
687 878 798 904 mare,
831 878 932 908 quarn
958 872 994 896 ut
1017 864 1159 896 scanda—

31 926 105 958 lizet
127 939 232 958 unum
259 939 295 958 ex
322 925 403 959 his.“
450 926 543 959 Deus
569 939 667 967 crgo,
699 925 755 969 qui
789 939 852 957 nos
886 925 1052 970 pretiosos
1076 937 1159 968 pro-

31 986 95 1030 prii
120 986 197 1018 Filii
222 998 285 1030 pro
311 987 410 1020 nobis
433 987 616 1031 pretiosum
643 986 868 1030 fundend07)
889 987 1085 1027 sanguinem
1112 985 1160 1016 fe-

31 1048 85 1086 cit,
109 1048 336 1091 quomodofl)
360 1062 451 1087 „non
479 1061 555 1080 cum
582 1049 654 1092 ipso
675 1048 789 1080 onmia
806 1049 904 1080 nobis
924 1047 1066 1079 donabit
1077 1045 1159 1089 ?“⁹)

32 1109 122 1141 Nihil
156 1117 202 1142 est
237 1110 327 1141 enim
355 1109 421 1142 sive
459 1109 612 1147 visibilis,
657 1109 722 1142 sive
764 1108 935 1141 invisibilis
979 1116 1160 1146 creaturae,

32 1171 125 1213 quod
161 1169 251 1202 Filio
291 1171 394 1214 possit
433 1171 632 1213 adaequari:
680 1172 776 1204 nullo
818 1170 905 1202 enim
945 1178 1045 1214 pacto
1086 1181 1157 1201 cre-

32 1230 117 1262 atori
139 1244 201 1263 suo
226 1240 378 1263 creatura
403 1240 512 1275 potest
536 1231 704 1263 conferri:
740 1241 771 1263 et
793 1232 819 1263 si
845 1239 977 1263 creator
1001 1231 1072 1274 ipse
1096 1231 1159 1262 do-

31 1300 125 1323 natus
151 1300 197 1324 est
220 1291 330 1331 nobis,
355 1294 533 1335 quomodo
560 1306 629 1324 non
654 1305 729 1324 cum
755 1292 829 1336 ipso
852 1291 952 1324 nobis
978 1291 1087 1324 omnis
1103 1290 1158 1333 ¹⁰)

30 1397 190 1429 rnortuis“
215 1406 274 1471 eltze.
321 1397 403 1430 Msc.
429 1411 530 1430 unus:
557 1410 667 1441 „spem
684 1397 781 1429 etiarn
800 1396 1052 1429 resurrectionis
1065 1409 1157 1428 mor-

32 1441 114 1474 tuis“
139 1450 200 1473 etc.
259 1466 264 1472 .

125 1497 158 1539 ¹)
184 1497 282 1529 Rom.
306 1497 396 1537 vm,
419 1500 473 1532 32.

86 1597 92 1603 .
121 1552 157 1594 2)
182 1552 313 1585 Desunt
336 1555 454 1586 verba:
479 1563 607 1597 „ctpro
628 1555 817 1591 omnibus,“
833 1554 867 1586 in
886 1554 1054 1598 plerisque
1078 1553 1156 1584 les.

32 1608 62 1629 et
84 1611 118 1629 m
145 1597 238 1629 editis
264 1598 309 1641 (v.
336 1611 362 1629 c.
388 1599 463 1630 edd.
489 1598 573 1643 Μ.),
606 1608 635 1631 et
668 1600 759 1642 apud
786 1598 984 1639 Rabanum3
1014 1599 1071 1631 sed
1104 1610 1157 1629 re—

32 1644 213 1675 stituuntur
237 1643 280 1674 ab
304 1656 374 1675 uno
402 1643 483 1676 Msc.
508 1643 623 1684 Regio.
650 1643 688 1675 R.

121 1697 158 1741 3)
186 1698 272 1731 Edd.
297 1699 452 1731 Mcrlini:
475 1712 539 1731 nec
563 1700 722 1731 minimus
748 1698 895 1742 quidem.

122 1753 158 1795 4>
182 1753 301 1787 Manli.
323 1754 450 1793 XVIII,
474 1756 504 1788 6.
531 1756 604 1786 coll.
632 1755 710 1786 Luc.
730 1755 838 1794 XVII,
862 1758 892 1788 2.

123 1809 158 1851 ⁵)
181 1809 273 1842 Editi
297 1810 344 1853 (v.
369 1823 394 1842 c.
421 1811 496 1842 edd.
512 1809 598 1849 Mffss
625 1811 764 1848 „melius
790 1820 836 1843 est
858 1812 1008 1843 molam“
1034 1820 1092 1842 etc.
1120 1808 1159 1841 R.

122 1864 159 1908 ⁶)
184 1865 269 1898 Edd.
294 1865 450 1899 Nlcrlini:
476 1866 563 1898 circa
589 1866 715 1898 collum
743 1865 812 1910 ejus
836 1867 940 1907 ligari.

125 1919 160 1963 ⁷)
183 1920 269 1954 Edd.
295 1921 452 1953 Mcrlini:
476 1922 673 1962 sanguinem
700 1924 888 1956 fundendo.

124 1975 161 2018 Β)
185 1975 285 2009 Rom.
312 1978 399 2017 VIII,
424 1978 477 2012 32.

95 2075 100 2080 ι
123 2031 159 2071 9)
183 2031 274 2082 Editi
305 2032 350 2077 (v.
383 2046 408 2066 c.
443 2035 517 2066 edd.
547 2033 636 2078 M.):‚
661 2034 797 2073 ‚,dedit?
827 2035 919 2072 Nihil
946 2044 991 2067 est
1014 2034 1080 2068 sive
1105 2033 1159 2079 (in

31 2084 117 2106 notis
142 2075 247 2108 Ruaei
273 2077 436 2110 omittitur
458 2078 554 2122 sive)
578 2080 724 2119 visibilis.
745 2080 832 2112 sive“
858 2090 917 2112 etc.
945 2080 981 2111 R.

106 2130 160 2173 ¹⁰)
187 2130 363 2164 Omittitur
386 2133 420 2165 in
446 2143 540 2166 antea
567 2135 660 2168 editis
685 2135 775 2179 (wc.
800 2137 874 2169 edd.
890 2136 973 2178 M.):
999 2135 1161 2175 „ornuisf‘

34 2174 69 2206 R.
97 2176 249 2226 —-·Edd.
285 2176 331 2208 M.
365 2178 448 2210 haec
477 2179 617 2212 habent:
655 2195 752 2220 „cum
783 2181 857 2226 ipso
885 2190 1036 2214 creatura
1062 2180 1159 2213 nobis

35 2220 239 2254 donabitur?
267 2221 450 2265 Quamvis“
474 2233 533 2256 etc.
