1320 2444
291 72 643 108 COMMENTAmonum
667 72 740 107 Lm.
765 73 825 108 IX.
1060 75 1129 110 333

0 167 54 214 qui
76 165 201 200 dher-at
225 163 268 196 de
292 175 337 204 se,
361 162 440 208 quia
464 162 618 207 ,‚mihi¹)
641 163 792 197 mundus
811 163 989 197 crucifixus
1013 173 1071 204 cst,
1096 173 1129 198 et

0 242 56 272 ego
80 226 241 265 mundo,“
267 224 312 258 ait
335 224 436 258 ctiam
461 225 543 258 hoc:
573 238 657 265 „nos
670 225 708 270 ²)
738 234 851 258 autem
876 239 947 259 non
971 226 1127 271 spiritum

0 289 93 336 [nujus
119 285 241 320 mundi
270 286 480 331 accepimus,
503 287 562 320 sed
593 287 767 332 spiritum,
803 287 861 332 qui
887 300 923 320 ex
948 287 1025 320 Deo
1052 291 1129 321 est.“

0 350 65 395 Qui
89 358 202 383 autem
227 347 339 381 adhuc
363 349 405 382 de
429 349 560 382 mundo
586 358 652 389 est,
684 349 764 393 et3)
799 362 885 393 quae
909 349 1029 382 mundi
1051 358 1131 383 sunt

0 411 87 457 zapit,
111 420 142 444 et
166 423 252 455 quac
277 411 386 444 carnis
406 420 485 444 sunt
508 411 652 456 quaerit,
672 411 861 444 necessario
886 409 1057 455 subjectus
1083 421 1131 444 est

0 472 150 507 ministris
185 471 324 505 mundi:
358 471 527 518 subjectus
568 481 682 505 autem
713 482 856 518 propter
884 472 988 512 iram,
1026 485 1131 517 quam

0 533 56 569 tibi
77 533 310 566 thesaurizavit
333 546 372 566 cx
395 533 552 579 peccatis.
597 533 688 579 ΕΗ)
722 535 768 567 ob
795 535 862 567 hoc
886 535 971 567 mihi
999 534 1132 567 videtur

0 596 123 629 dicere:
147 594 248 635 „ideo
263 595 298 639 ⁵)
334 608 469 628 necesse
484 595 520 640 5)
545 603 593 628 est
613 593 785 641 subjectos
811 609 899 636 esse,
922 609 994 629 non
1017 596 1134 629 solum

0 665 138 703 propter
159 656 244 690 iram
259 681 267 696 ,
299 657 358 690 sed
385 666 416 689 et
438 666 581 702 propter
605 656 887 691 conscientiam2·‘
920 656 1134 702 quoniam')

0 719 54 764 qui
76 718 244 758 subditur,
268 718 369 751 habet
391 718 427 752 iu
449 731 502 758 se,
533 720 629 763 quod
660 728 837 752 accusetur
874 733 892 753 a
918 719 1134 752 conscientia.

0 781 55 815 His
79 794 158 822 ergo
184 781 284 814 etiam
314 780 440 814 tributa
471 781 640 825 quaedam
671 781 871 826 pendimus,
904 782 987 814 dum
1021 782 1134 814 adhuc

0 844 180 878 secundum
206 855 341 876 carnem
365 842 517 882 vivimus,
545 852 577 876 et
593 855 680 887 quae
704 842 813 876 camis
836 851 916 876 sunt
936 841 1134 884 cogitamus.

0 905 81 938 Nam
105 904 132 938 si
156 903 289 937 vineam
312 903 458 936 Domini
483 904 646 945 colamus,
671 913 702 938 et
727 905 826 938 vitem
851 918 975 945 veram,
999 903 1135 949 quaes)

0 976 43 1000 est
68 966 232 1006 Christus,
256 979 468 999 exerceamus
490 965 527 998 in
551 966 669 1007 nobis,
700 967 743 1000 de
765 967 828 1000 ista
851 965 948 999 vinea
972 979 1046 998 non
1068 965 1135 997 mi-

0 1027 107 1061 nistris
132 1027 257 1061 saeculi
281 1029 470 1072 pendemus
493 1029 629 1069 tributa,
653 1029 712 1062 sed
735 1028 799 1073 ipsi
823 1027 980 1061 Domino
1007 1029 1136 1060 fructus

0 1089 32 1122 in
56 1098 211 1133 tempore
241 1090 439 1122 reddemus:
471 1091 660 1123 secundum
692 1091 786 1134 quod
817 1089 889 1134 ipse
919 1089 1077 1121 Salvator
1098 1087 1135 1120 in

0 1150 185 1191 Evangeliis
209 1149 305 1190 dicit,
337 1150 416 1196 quia
445 1150 599 1191 „colonis
611 1151 648 1196 9)
684 1151 781 1184 malis
809 1152 906 1184 tollet
929 1150 1081 1188 vineam,
1105 1158 1137 1181 et

0 1211 94 1245 dabit
117 1224 191 1244 eam
225 1211 295 1245 aliis
329 1212 473 1253 colonis,
497 1213 554 1257 qui
585 1213 732 1246 reddant
764 1213 794 1246 ei
826 1214 953 1245 fruetus
982 1211 1018 1244 in
1050 1220 1138 1243 tem-

0 1277 114 1318 pore.“
161 1273 230 1306 Sed
256 1282 287 1306 et
310 1273 378 1307 hoe
392 1274 515 1319 ipsum,
539 1275 635 1319 quod
652 1273 750 1307 dicit:
774 1274 928 1315 „reddite
943 1273 998 1317 ¹⁰)
1024 1271 1136 1305 omni-

0 1335 61 1369 bus
85 1334 215 1369 debita:
241 1334 485 1377 adtributum,
504 1337 688 1370 tributum:
713 1336 768 1370 cui
789 1336 937 1379 vectigal,
960 1333 1098 1377 vectigal
1109 1335 1139 1366 ;“

96 1497 130 1542 ¹)
155 1497 264 1532 Galat.
287 1498 346 1538 VI,
371 1499 423 1533 14.
516 1498 554 1543 2)
575 1501 592 1533 Ι
617 1500 699 1535 Cor.
722 1500 766 1542 II,
790 1500 843 1535 12.

92 1552 130 1597 3)
154 1554 242 1588 Edd.
266 1555 424 1589 Merlini:
457 1566 490 1590 et
520 1570 558 1590 ea
587 1556 692 1603 sapit,
732 1570 820 1603 quae
851 1555 973 1591 mundi
995 1563 1084 1596 sunt,
1106 1563 1138 1587 ct

0 1611 87 1644 quac
112 1607 173 1632 etc.

66 1698 74 1706 ·
94 1652 131 1699 4)
153 1655 246 1688 Editi
271 1656 315 1698 (v.
341 1670 368 1689 c.
393 1658 468 1692 edd.
492 1658 579 1703 M.):
603 1659 669 1700 „Et
691 1659 759 1692 hoc
782 1658 867 1692 mihi
890 1656 1045 1691 videtur“
1068 1665 1142 1697 (εἴα,

4 1712 129 1733 omxsso
154 1701 256 1739 „0b.“
278 1701 319 1735 R.

94 1755 132 1800 ⁵)
156 1755 258 1790 Rom.
279 1757 374 1799 XIII,
397 1759 428 1793 5.

94 1813 132 1857 ⁶)
156 1813 267 1847 Editi:
291 1815 391 1854 „ideo
416 1818 611 1851 necessitate
625 1817 768 1864 subjecti
791 1826 906 1857 estote,
921 1830 993 1849 non
1006 1817 1139 1849 solum“

5 1866 65 1891 etc.
114 1859 183 1891 Sed
208 1873 325 1894 omnes
348 1861 428 1895 Mss.
462 1872 499 1895 ut
521 1863 557 1896 in
580 1873 698 1897 nostro
723 1873 822 1896 textu.
846 1862 887 1894 R.
913 1882 955 1887 —
979 1861 1067 1895 Edd.
1091 1860 1142 1893 Μ.

1 1902 69 1936 hoc
94 1904 186 1944 loco,
211 1905 271 1937 cfr.
295 1919 370 1950 pag.
393 1907 470 1940 331.
493 1917 565 1941 not.
596 1910 626 1943 7.
651 1909 750 1948 „ideo
774 1907 968 1942 necessitate
989 1906 1143 1952 subjecti,
1174 1902 1177 1905 ¹

3 1960 76 1981 non
99 1949 212 1982 solum
236 1969 288 1989 —·‚
313 1952 371 1984 scd
397 1962 428 1984 et
451 1958 614 1998 propter“
639 1964 699 1988 etc.

97 2003 132 2047 ⁷)
157 2004 214 2038 Sic
238 2016 327 2039 recte
349 2008 435 2041 Μεο.
460 2009 540 2051 I'teg.
563 2024 657 2044 num.
683 2010 780 2044 1639.
819 2009 931 2043 Ceteri
955 2022 1035 2041 vcro
1060 2006 1142 2040 BTss.

6 2068 38 2110 ef
57 2058 139 2111 ‘editi
164 2060 210 2104 (V.
236 2075 262 2094 c.
290 2064 366 2096 edd.
391 2064 475 2107 M.):
499 2065 758 2104 „Conscientiae
771 2079 909 2111 quoque
923 2065 1019 2108 (cdd.
1046 2064 1140 2096 Wler-

5 2104 83 2137 hm:
107 2116 250 2150 quoque
276 2108 376 2152 quis)
399 2110 566 2151 subditur,
590 2125 668 2145 cum
692 2111 795 2144 habet
816 2112 873 2145 in²‘
898 2121 960 2143 etc.
984 2109 1024 2141 R.

97 2159 136 2202 ⁸)
158 2160 251 2195 Editi
276 2163 322 2206 (v,
348 2178 374 2197 c.
400 2167 476 2199 edd.
500 2167 589 2212 M.):
617 2168 698 2214 „qui
721 2173 789 2202 est“
815 2177 875 2201 etc.
899 2168 939 2200 R.

99 2215 136 2259 9)
162 2216 232 2251 Cfr.
257 2217 376 2252 Matth.
401 2222 502 2264 XXI,
526 2223 581 2258 41.
605 2243 654 2258 ,-
675 2225 764 2258 Edd.
789 2223 949 2257 Merlini:
982 2225 1139 2258 fructum.

79 2272 137 2317 ¹⁰)
160 2273 261 2308 Rom.
285 2275 379 2318 XIII,
404 2278 434 2311 7.
460 2280 538 2315 coll.
561 2292 635 2325 pag·
659 2281 735 2316 332.
758 2289 829 2314 not.
853 2281 883 2314 3.
