1320 2444
283 71 637 107 CoMMEN'rAmonum
661 71 734 104 Lm.
758 71 817 103 IX.
1047 71 1117 106 319

0 168 78 202 mim
103 164 183 199 dicit
206 164 272 197 alta
294 162 428 196 sentire.
473 162 517 195 Et
540 162 662 195 merito
695 161 851 207 superbia
876 160 1035 203 fugienda
1059 170 1118 201 est,

0 244 66 264 :um
90 227 264 271 Scriptura
290 225 397 265 dicat,
412 224 506 269 'quia
538 224 694 265 „initium
709 224 743 268 ¹)
774 223 969 257 discedendi
994 237 1012 257 a
1035 223 1114 256 Deo

0 289 142 336 >uperbia
175 292 255 321 est-‘⁴
308 286 405 320 Bene
435 296 546 319 autem
578 300 649 318 uno
678 299 837 320 sermone
870 284 1116 318 institutionem

0 350 178 385 :umilitatis
212 347 373 394 exposuit.
432 348 633 384 Consentire
670 347 758 380 enim
789 346 993 387 humilibus,
1031 356 1062 379 et
1077 346 1115 391 2)

0 425 99 448 unare
124 411 277 451 humiles,
301 420 400 455 atque
427 410 592 442 inclinare.
620 422 655 442 se
679 410 720 441 ad
747 422 821 448 eos,
856 409 923 441 hoc
954 418 1001 442 cst
1031 422 1116 441 con-

0 482 135 508 uescere
157 473 281 506 imitari
305 485 394 511 eum,
418 471 486 515 qui,
511 485 589 504 cum
612 471 647 503 in
673 473 784 505 forma
800 471 865 504 Dei
879 471 1017 514 esset,3)
1043 471 1114 502 for-

0 550 72 570 nam
97 535 181 568 servi
204 534 360 578 suscepit,
384 532 628 566 et’humiliavit
650 546 684 566 se
709 546 815 577 usque
839 534 881 566 ad
905 542 1063 566 mortem.

73 597 125 631 18.
148 595 287 636 „Nolite
301 595 337 639 ⁴)
381 608 449 629 esse
480 595 664 639 prudentes
703 595 794 639 apud
827 605 956 628 vosmet
989 597 1115 639 ipsos.“

0 658 54 703 Qui
85 658 150 691 sibi
179 657 242 702 ipsi
275 658 425 702 prudens
462 670 530 690 esse
552 657 704 696 videtur,
740 656 794 689 hic
821 669 897 688 cum
923 658 1115 697 arrogantia

0 721 100 754 tultus
126 729 188 760 est;
218 731 281 751 nec
312 728 422 764 potest
449 732 561 751 veram
592 718 790 762 sepientiam
816 717 883 749 Dei
916 717 1020 758 scire,
1056 718 1116 762 qui

0 795 76 814 uam
99 780 270 814 stultitiam
296 780 391 824 quasi
411 779 609 824 sapientiam
636 780 725 812 colit.
770 779 929 824 Denique
955 780 990 812 in
1013 792 1115 824 supe-

0 842 148 882 rioribus,
179 842 266 874 hanc
298 842 398 874 fuisse
420 840 662 874 incredulitatis
688 854 822 874 causam
853 841 1007 880 Judaeis,
1042 841 1115 886 ipse

0 905 109 938 ’aulus
134 904 285 943 edocuit,
307 902 421 936 dicens
441 904 483 935 de
507 903 562 936 iis:
589 902 667 947 qnia
690 903 950 947 „ignorantes⁵)
971 903 1036 936 Dei
1060 902 1115 949 ju-

0 967 116 1005 titiam,
141 975 171 998 et
194 979 288 998 suam
312 964 469 1010 justitiam
494 973 691 1008 quaerentes
705 973 858 1005 statuere,
880 963 1024 1010 justitiae
1046 964 1115 998 Dei

0 1042 55 1061 non
81 1036 159 1061 sunt
183 1025 356 1072 subjecti.“
404 1026 460 1059 Sic
493 1038 572 1067 ergo
605 1035 636 1058 et
668 1025 726 1070 qui
759 1027 851 1070 apud
873 1036 978 1059 semet
1001 1026 1113 1071 ipsum

0 1089 114 1133 apiens
140 1097 195 1127 est,
219 1101 290 1120 non
315 1096 427 1132 potest
449 1101 515 1121 esse
538 1089 669 1132 sapiens
693 1088 784 1132 apud
808 1087 933 1121 Deum.

72 1150 124 1183 19.
150 1148 311 1193 „Nulli⁶)
340 1150 469 1182 malum
504 1162 568 1194 pro
601 1151 692 1182 malo
724 1150 934 1182 reddentes.“
981 1148 1016 1181 Si
1041 1162 1114 1181 ma-

0 1225 53 1245 um
78 1211 204 1244 inferre
228 1223 370 1255 peccare
394 1220 456 1250 est,
495 1220 527 1243 et
551 1211 694 1244 reddere
718 1212 846 1244 malum
871 1223 954 1249 non,
978 1219 1015 1242 ut
1039 1210 1114 1255 qui-

0 1274 123 1306 ·usdam
147 1273 289 1312 videtur,
312 1271 436 1317 justum
465 1281 522 1312 est,
544 1273 603 1306 sed
624 1271 734 1306 simile
756 1282 934 1317 peccatum
961 1282 1019 1313 est,
1046 1283 1113 1313 aut,

0 1344 18 1367 [t
49 1347 110 1376 ego
137 1333 300 1373 arbitror,
335 1334 432 1366 etiarn
467 1333 605 1374 gravius.
667 1334 756 1366 Nam
783 1334 858 1374 ille,
893 1334 952 1380 qui
982 1336 1113 1369 malum

0 1396 76 1429 »rior
98 1396 228 1435 intulit,
256 1396 344 1428 forte
358 1395 393 1438 ⁷)
424 1408 495 1428 non
520 1395 666 1439 sensitss)
699 1396 828 1428 malum
853 1409 920 1429 esse
945 1399 1039 1442 quod
1064 1400 1112 1430 se—

2 1458 36 1492 it.
84 1457 154 1501 Qui
178 1466 290 1491 autem
315 1456 463 1490 reddidit
492 1457 638 1496 malum,
676 1471 716 1490 eo
741 1457 835 1502 ipso,
858 1471 927 1502 quo
954 1460 997 1492 ad
1027 1460 1112 1492 ulci-

0 1520 142 1553 cendum
162 1528 209 1552 est
230 1527 352 1558 motus,
371 1519 540 1552 consessus
564 1528 610 1552 est
623 1518 760 1553 sensisse
776 1520 905 1552 malum
929 1534 998 1555 esse
1017 1522 1112 1565 quod

1 1705 57 1725 um
81 1691 241 1735 scriptum
267 1690 318 1730 sit,
342 1690 420 1735 qnia
445 1711 486 1716 -—
511 1691 666 1736 superbia
693 1700 749 1724 est.
793 1692 896 1725 Unde
927 1694 1112 1737 Apostolus

0 1750 16 1768 n
38 1750 108 1769 nno
133 1736 330 1780 (ssah-mus:
357 1737 395 1768 in
417 1735 559 1781 primo)
585 1749 743 1769 sermone
775 1737 1018 1771 institutionem
1046 1739 1109 1772 hu-

0 1780 125 1814 militatis
151 1782 376 1815 commendat.
423 1780 647 1814 Consentire“
671 1791 732 1814 etc.
761 1781 802 1815 R.

73 1836 107 1880 ¹)
132 1836 211 1880 Sap.
237 1836 342 1871 Sit-ac.
366 1838 409 1878 X,
433 1837 486 1871 12.
510 1836 771 1882 (Ecclesiastic.)

70 1892 107 1934 2)
132 1892 235 1926 Deest
257 1897 330 1932 ‚‚et“
353 1893 389 1926 in
413 1894 490 1926 edd.
513 1893 562 1926 M.

69 1947 108 1984 ³)
134 1947 202 1981 Csr.
229 1948 377 1994 Philipp.
402 1949 444 1990 II,
467 1951 497 1985 6.
522 1950 551 1984 7.
576 1949 607 1983 8.

72 2004 108 2048 ⁴)
133 2004 233 2037 Rom.
258 2005 336 2045 XII,
361 2005 412 2039 16.
507 2004 542 2049 ⁵)
566 2004 667 2039 Rom.
692 2005 737 2046 X,
758 2006 790 2041 3.

71 2059 108 2104 5)
133 2060 230 2094 Rom.
254 2060 332 2100 ΧΙΙ,
357 2062 409 2096 17.

72 2115 107 2160 ⁷)
132 2116 235 2148 Deest
258 2119 387 2156 ‚‚forte“
409 2117 445 2149 in
469 2117 563 2151 editis
586 2119 634 2163 (v.
660 2133 685 2152 c.
713 2120 787 2152 edd.
812 2119 892 2161 M),
924 2129 958 2152 et
977 2119 1011 2151 in
1035 2121 1109 2164 ple-

2 2159 91 2205 isque
113 2160 202 2200 Mss.‚
227 2174 288 2194 nec
312 2175 383 2194 non
409 2172 440 2194 et
464 2165 555 2207 apud
580 2164 770 2199 Rabanum.
826 2165 895 2199 Sed
926 2165 1108 2199 restituitur

0 2218 21 2238 =x
42 2219 112 2239 uno
136 2205 219 2238 Msc.
246 2207 325 2248 Reg.
351 2220 442 2239 num.
465 2208 562 2242 1640.
587 2209 628 2241 R.

72 2261 109 2305 ⁶)
136 2261 221 2296 Edd.
246 2261 400 2296 Mei-lini:
424 2262 531 2297 sentit.
