1320 2444
139 53 208 88 418
413 51 593 85 Omenms
624 61 661 84 m
685 51 748 85 ΕΡ.
773 59 821 84 An
849 52 1030 87 Rommos

144 143 359 176 obsecrantes
388 154 471 181 nos,
505 140 646 183 gratiam
676 150 709 174 et
741 142 1043 184 communionem,
1081 157 1167 188 quae
1191 146 1226 178 fit
1248 146 1282 180 in

144 208 312 244 sanctos,“
342 213 374 236 et
399 203 539 247 reliqua.
592 203 636 236 Et
670 203 755 236 sicut
786 204 821 236 in
845 203 895 236 his
919 205 1149 239 testimonium
1175 208 1285 241 reddit

141 265 405 305 Macedonibus,
428 265 473 298 ita
498 278 631 298 rursum
656 265 856 298 cohortatur
887 265 967 310 et¹)
1003 266 1210 308 Corinthios,
1233 269 1284 302 di-

146 341 241 361 cens:
267 329 349 367 „sed
363 327 400 372 ²)
425 329 510 361 sicut
532 326 567 359 in
592 326 751 359 omnibus
777 327 974 368 abundatis,
1011 328 1090 369 fide,
1116 339 1147 362 et
1170 332 1286 371 verbo,

145 399 177 422 et
199 389 357 429 scientia,
381 398 412 421 et
435 397 552 421 nostra
575 385 611 420 in
636 401 692 420 vos
717 387 873 428 caritate,
910 389 956 422 ita
982 398 1012 422 et
1035 389 1071 423 iu
1096 391 1159 424 hac
1183 393 1285 433 gratia

145 451 356 491 abundetis,“
380 459 412 483 et
436 450 577 494 reliqua.
623 449 693 482 Sed
726 459 758 482 et
780 449 816 482 in
841 449 912 484 aliis
937 452 1137 485 collaudans
1162 452 1286 486 Corin--
1302 476 1309 480 -

145 513 254 553 thios,
289 513 368 557 quia
401 525 478 554 erga
511 511 791 544 communionem
823 525 1032 557 pauperum,
1071 513 1229 557 quisunt
1251 511 1292 547 in*

148 574 352 614 Jerusalem,
375 572 506 619 promti
531 572 674 612 suerint,
702 573 797 606 dicit:
830 573 932 616 ‚‚et³)
958 574 1139 607 consilium
1161 574 1195 607 in
1220 576 1286 609 hoc

147 637 214 669 do:
240 636 306 669 hoc
331 635 422 668 enim
447 634 543 668 vobis
568 634 721 679 expedit,
759 635 818 679 qui
842 649 913 668 non
937 636 1049 669 solum
1076 637 1204 676 facere,
1229 639 1287 670 scd

148 707 180 730 et
203 697 289 731 velle
314 696 469 741 coepistis
501 696 544 730 ab
579 709 670 728 anno
703 696 835 740 priore:
868 710 960 730 nunc
992 706 1105 731 autem
1136 707 1167 730 et
1197 699 1285 731 facto

146 759 334 804 perficite.“
392 759 461 792 Sed
500 767 532 790 et
564 757 600 790 in
633 758 771 802 reliquis
811 759 853 791 de
893 759 956 791 hac
995 759 1114 791 eadem
1153 769 1287 792 sancto-

148 835 225 854 rum
238 821 274 865 ⁴¹)
301 820 548 854 communione
572 819 801 864 prosequitur,
825 829 856 852 et
879 829 956 865 post
979 820 1153 865 aliquanta
1177 821 1288 854 addit:

147 882 259 926 „dc-⁵)
285 881 471 915 ministerio
498 890 630 920 autem,
661 882 756 924 quod
780 881 818 914 fit
839 882 873 914 in
901 891 1053 921 sanctos,
1076 884 1290 927 superfluum

149 953 196 977 est
218 943 315 977 vobis
344 943 501 976 scribere.
548 942 629 975 Scio
662 943 753 975 enim
786 952 958 987 promtam
990 944 1201 977 voluntatem
1233 959 1288 977 ve-

148 1015 276 1046 stram,
307 1019 374 1050 pro
413 1019 478 1050 qua
515 1005 667 1047 gratulor
705 1006 747 1038 de
777 1004 873 1038 vobis
905 1004 1175 1046 Macedonibus,
1211 1007 1290 1051 quia

150 1067 280 1113 Achaia
312 1076 431 1112 parata
465 1077 512 1102 est
541 1068 584 1099 ab
618 1080 709 1099 anno
742 1066 884 1111 priore„
913 1075 945 1099 ct
975 1075 1080 1100 vestra
1106 1067 1288 1101 aemulatio

148 1130 348 1176 provocavit
378 1129 586 1173 multos.“⁶)
655 1128 763 1172 Quod
795 1137 906 1161 autem
937 1128 1062 1173 post7)
1093 1127 1291 1174 hujusmodi

148 1191 377 1226 Macedoniae
402 1201 433 1225 et
455 1190 607 1237 Achaiae
630 1190 872 1230 ministerium,
905 1191 1000 1234 quod
1028 1191 1066 1223 fit
1089 1190 1124 1223 in
1147 1201 1291 1231 sanctos,

154 1254 213 1299 qui
235 1264 314 1288 sunt
336 1254 371 1287 in
395 1254 597 1293 Jerusalem,
621 1251 854 1297 proposuisset
878 1253 1063 1296 Apostolus
1095 1253 1196 1286 etiam
1221 1253 1291 1285 Ro-

151 1330 243 1349 mam
278 1316 409 1356 vidcre,
448 1314 668 1359 indicatur-⁸)
700 1314 736 1347 in
769 1315 911 1348 Actibus
942 1315 1191 1358 Apostolorum
1223 1315 1290 1347 hoc

149 1378 279 1411 modo:
303 1376 449 1421 „cum⁹)
474 1387 586 1410 autem
612 1377 740 1422 expleta
765 1385 871 1409 essent
895 1376 995 1416 haec,
1027 1375 1142 1420 posuit
1166 1375 1291 1409 Paulus

151 1439 187 1473 in
213 1438 343 1483 Spiritu
367 1448 496 1477 sancto,
520 1448 567 1478 ut,
593 1451 670 1470 cum
694 1437 963 1482 perambulasset
991 1437 1235 1470 Macedoniam
1262 1447 1293 1470 ct

151 1499 327 1547 Achaiam,
344 1499 619 1545 proficisceretur
636 1498 926 1545 Hierosolymam,
950 1499 1080 1532 dicens:
1105 1500 1182 1544 quia
1198 1508 1292 1544 post-

248 1637 282 1681 ¹)
308 1635 412 1669 Deest
435 1637 508 1675 „et¹‘
532 1633 567 1666 in
593 1633 668 1666 edd.
693 1632 743 1666 Μ.

246 1693 284 1738 ²)
309 1692 414 1725 Deest
441 1691 540 1729 „sed“
571 1689 607 1722 in
631 1690 708 1723 edd.
731 1687 781 1721 Μ.
807 1708 848 1715 —-
874 1689 944 1724 Cfr.
969 1687 1001 1720 II
1025 1687 1106 1722 Cor.
1139 1689 1235 1729 VIII,
1260 1690 1280 1723 7

154 1739 233 1773 coll.
258 1739 337 1772 cdd.
361 1737 403 1769 N.
428 1735 468 1769 Τ.

247 1795 285 1838 ³)
308 1794 413 1827 Deest
435 1795 508 1833 „et“
540 1791 576 1824 in
609 1792 684 1824 cdd.
708 1790 757 1824 M.
781 1810 823 1816 —-
856 1789 926 1824 Csr.
959 1790 991 1823 ΙΙ
1016 1790 1098 1823 Cor.
1122 1791 1216 1832 VIII,
1240 1793 1292 1827 10.

249 1850 285 1895 ⁴)
310 1851 414 1883 Deest
450 1849 485 1882 in
523 1847 617 1881 libris
647 1856 743 1880 antea
775 1847 870 1881 editis
913 1846 961 1891 (v.
994 1861 1021 1880 c.
1054 1848 1105 1881 ed.
1136 1846 1290 1890 M.11.):

157 1899 406 1938 „sanctorumf‘
431 1895 470 1927 R.

248 1953 284 1997 ⁵)
309 1952 340 1984 ΙΙ
366 1953 446 1986 Cor.
471 1950 532 1989 IX,
556 1950 588 1982 1.
682 1947 719 1991 ⁶)
743 1948 830 1982 Edd.
855 1948 1012 1982 Merlini:
1037 1947 1215 1994 plurlmos.

247 2009 283 2052 ⁷)
306 2007 400 2042 Editi
421 2007 468 2051 (e.
496 2020 522 2039 c
548 2007 623 2039 edd.
648 2004 732 2049 M.:)
758 2014 856 2050 „post
878 2003 978 2051 hujus
1002 2013 1034 2037 et
1055 2003 1205 2050 Achajae
1228 2003 1292 2036 mi·-

153 2055 339 2094 nisteriun„
363 2053 478 2098 qu0d“
504 2061 563 2085 etc.
588 2051 627 2084 R.

247 2111 284 2154 ⁸)
308 2110 398 2143 Edd.
421 2106 578 2141 Merlini:
608 2106 644 2139 in
675 2106 815 2140 Actibus
847 2107 1096 2151 Apostolorum
1120 2105 1290 2139 indicatur

154 2158 223 2190 hoc
246 2157 354 2189 modo
385 2163 446 2187 etc.

247 2211 284 2256 9)
310 2209 400 2244 Editi
426 2210 474 2254 (ν.
505 2223 531 2242 c.
556 2209 632 2242 edd
664 2207 750 2252 M.):
787 2222 887 2249 „cum
918 2217 1029 2241 autem
1054 2207 1183 2250 expleta
1208 2216 1292 2240 esset

153 2258 249 2298 haee,
271 2257 453 2302 proposuit
478 2254 574 2300 (edd.
599 2253 648 2288 M.
671 2255 817 2300 posuit)
840 2254 987 2289 Paulus“
1011 2262 1072 2287 etc.
1095 2251 1134 2285 R.
