1377 2454
174 90 240 126 164
442 88 620 122 Ommzms
642 98 678 122 m
702 88 765 121 ΕΡ.
789 97 837 122 An
862 88 1041 122 Rommos

176 181 220 213 ad
244 180 310 212 hoc
334 178 444 223 ipsum
468 189 502 213 te
525 179 700 220 suscitavi,
725 178 809 223 ιη’)
837 180 1014 212 ostendam
1040 178 1074 211 in
1098 187 1131 211 te
1155 177 1312 211 virtutem

176 255 306 282 meam,
342 249 374 274 et
403 250 441 274 ut
463 241 684 274 annuntietur
707 253 836 274 nomen
867 253 983 273 meum
1006 240 1042 273 in
1065 240 1220 273 universa
1244 250 1311 273 ter-

177 307 275 336 ra.““
312 303 424 344 „Ergo
450 303 553 347 cui2)
578 303 650 335 vult
673 302 861 342 miseretur,
887 311 920 334 et
943 315 1045 346 quem
1068 303 1140 335 vult
1164 302 1311 335 indurat.

177 364 319 409 Dicis³)
343 364 457 408 itaque
481 364 580 397 mihi:
618 364 700 409 quid
726 377 804 406 ergo
830 365 941 397 adhuc
967 364 1145 408 queritur?
1179 364 1313 397 Volun-

175 426 235 459 tati
263 426 353 459 enim
378 425 449 471 ejus
474 426 547 470 quis
581 425 748 459 resistit?¹‘
804 426 984 468 Legentem
1016 427 1098 459 haec
1122 425 1313 458 meminisse

177 487 335 521 attentius
368 487 525 520 convenit
557 487 785 520 similitudinis
817 487 917 527 illius,
942 501 1046 532 quam
1069 487 1105 520 in
1128 486 1311 532 superiori-

176 551 240 582 bus
263 548 358 582 libris
393 549 435 581 de
459 548 699 593 Apostolici⁴)
731 548 895 582 sermonis
921 548 1172 594 dispensatione
1195 548 1311 593 posui<

175 625 261 650 mus,
287 611 381 655 quod
396 610 432 654 5)
456 620 618 655 tanquam
642 610 677 643 in
693 611 781 652 regia
808 612 955 654 quadam
973 612 1089 651 domo,
1115 624 1201 656 quae
1223 610 1313 642 mul-

176 672 346 717 tiplicibus
382 672 423 704 sit
453 672 655 714 ingressibus
687 672 939 717 egressibusque
964 672 1138 712 distincta,
1172 685 1211 705 ex
1241 685 1311 704 uno

175 734 211 766 in
236 734 328 766 aliud
353 734 513 766 conclave
537 733 582 765 ita
614 743 819 773 transeatur,
844 743 881 766 ut
906 733 956 767 vix
981 733 1198 777 ingredientis
1222 733 1310 766 indi-

175 796 236 835 cia,
260 805 318 828 aut
342 795 541 837 egredientis
566 804 768 840 appareant:
794 794 886 839 ita5)
914 795 1013 829 etiam
1029 796 1156 829 Paulus
1182 795 1313 828 divino-

175 871 251 890 rum
275 866 401 890 secreta
425 857 605 901 paululum
630 857 768 901 quidem
793 857 1011 901 subaperiens
1038 857 1207 897 videatur,
1241 870 1313 889 non

176 928 289 952 tamen
318 919 420 962 plane
451 928 633 963 aperteque
664 919 826 962 pandens.
875 919 1035 963 Denique
1060 932 1138 951 cum
1162 932 1226 963 pro
1252 918 1314 957 his,

176 993 263 1025 quae
286 980 440 1024 superius
465 980 594 1012 dixerat
618 980 660 1012 de
685 980 774 1012 Isaac
806 989 838 1012 et
869 980 998 1020 Jacob,
1041 981 1135 1024 quod
1159 992 1221 1023 per
1246 980 1313 1011 ele—

177 1042 326 1075 ctionem
359 1051 391 1074 et
422 1054 460 1073 ex
492 1041 670 1085 proposito
705 1041 790 1080 Dei,
826 1050 1007 1085 antequam
1048 1041 1178 1085 aliquid
1203 1041 1314 1085 operis

175 1103 260 1136 boni
285 1103 406 1135 malive
430 1102 613 1145 gessissent,
638 1103 733 1134 Deus
758 1101 926 1146 dixerit7)
951 1103 1002 1135 vel
1028 1103 1070 1135 de
1094 1103 1174 1136 illo:
1197 1102 1312 1146 „a‹l⁸)

175 1166 243 1198 hoc
268 1174 400 1210 tempus
424 1163 575 1204 veniam,
615 1173 646 1196 et
679 1164 742 1196 erit
772 1165 875 1197 Sarae
906 1163 1036 1196 filius:“
1067 1164 1120 1195 vel
1156 1165 1198 1196 de
1234 1165 1314 1197 hoc:

175 1226 358 1270 ,‚Jac0b⁹)
384 1225 493 1265 dilexi,
518 1226 608 1258 Esau
634 1235 746 1258 autem
772 1225 854 1258 odio
879 1225 983 1257 habui
994 1229 1023 1258 ;“
1055 1239 1132 1258 cum
1157 1225 1192 1257 in
1216 1239 1314 1270 prae-

177 1288 263 1322 senti
287 1287 435 1332 capitulo
461 1286 702 1319 introduxisset
735 1287 883 1331 aliquam
908 1300 1091 1331 personam
1114 1288 1205 1320 velut
1231 1301 1313 1320 con-

176 1350 398 1383 tradicentem
427 1348 491 1382 sibi
523 1358 555 1381 et
587 1348 819 1393 quaestionem
852 1359 1065 1389 moventem,
1101 1358 1134 1381 et
1170 1349 1313 1382 diceret:

270 1472 304 1515 1)
330 1470 422 1503 Editi
448 1470 494 1514 (e.
521 1484 545 1504 c.
562 1471 637 1503 edd.
653 1471 738 1513 M.):
764 1480 822 1510 „ut
842 1472 1017 1503 ostendam
1037 1471 1071 1503 in
1091 1481 1121 1503 te
1144 1471 1312 1509 virtutem,

176 1527 207 1551 et
230 1515 482 1549 annuntietur.⁴‘
507 1516 584 1549 Mss.
613 1516 768 1560 quidam:
794 1517 1041 1556 ‚,annuncicn1“
1066 1525 1127 1549 etc.
1150 1517 1190 1549 R.

269 1572 306 1615 2)
330 1572 419 1605 Edd.
443 1570 598 1604 Merlini:
626 1571 720 1617 eujus
744 1572 825 1604 vult.

267 1627 304 1670 ³)
328 1626 421 1659 Editi
445 1627 492 1670 (e.
517 1641 545 1659 c.
570 1628 646 1660 edd.
672 1628 758 1670 Μ.);
784 1627 926 1667 „Dicitis
959 1629 1073 1673 itaque
1104 1628 1203 1662 mihi:
1231 1630 1310 1674 quid

177 1673 287 1705 adhuc
314 1671 486 1716 quaeritur
518 1672 589 1714 (ed.
615 1672 664 1705 M.
688 1673 737 1705 ll:
768 1673 977 1718 queritur)?
1011 1674 1190 1708 Voluntati
1223 1676 1310 1708 enim

178 1717 248 1763 ejus
274 1718 346 1762 quis
371 1716 497 1749 resistet
507 1717 545 1749 ?“
569 1718 609 1751 R.

270 1774 306 1815 ⁴)
331 1772 393 1804 Ed.
420 1772 468 1805 Μ.
494 1774 544 1805 II:
570 1774 727 1818 Apostoli
752 1774 915 1808 sermonis
941 1783 1001 1806 etc.

271 1827 306 1871 5)
331 1827 423 1860 Editi
456 1828 503 1872 (v.
531 1843 557 1862 c..
584 1831 660 1862 edd.
692 1830 780 1869 My:
814 1839 871 1868 „ut
903 1838 1064 1874 tanquam
1096 1830 1184 1871 regia
1216 1831 1311 1874 (edd.

175 1872 332 1907 Merlini:
360 1873 506 1917 regiae)
531 1874 706 1920 cujusdam
733 1876 864 1914 domus,
891 1888 976 1918 quac
990 1875 1234 1918 multiplicibus
1259 1877 1308 1908 in—

175 1918 339 1962 gressibus
364 1918 617 1964 egressibusque
643 1920 806 1959 distincta,
832 1929 863 1951 et
890 1932 928 1951 ex
954 1933 1023 1952 uno
1048 1920 1084 1952 in
1110 1920 1203 1953 aliud
1228 1934 1310 1953 con-

175 1965 268 1997 clave
291 1963 335 1995 ita
359 1972 514 2003 transeat,
539 1970 597 1996 ut“
622 1975 680 1998 etc.
705 1965 746 1997 R.

268 2020 305 2063 6)
331 2019 422 2052 Editi
447 2020 493 2062 (e.
520 2033 545 2051 c.
572 2021 647 2052 edd.
672 2020 753 2061 7M.),
779 2029 810 2052 et
836 2019 915 2051 Mss.
937 2019 1093 2063 quidam:
1121 2019 1185 2059 „ita
1211 2020 1310 2053 etiam

176 2065 321 2098 Paulum
347 2084 401 2141 ——h
413 2064 684 2108 subaperientem
709 2064 824 2104 videri,
856 2078 929 2096 non
955 2084 995 2089 —
1020 2075 1202 2110 aperteque
1225 2079 1309 2110 pan-

176 2112 346 2144 dentem.“
405 2134 410 2140 .

266 2165 302 2210 ⁷)
326 2164 419 2197 Editi
442 2165 488 2209 (e.
515 2179 541 2197 e.
568 2166 642 2198 edd.
667 2164 750 2207 M.):
775 2164 955 2204 „dixerat.“
979 2166 1020 2197 R.

265 2221 302 2265 ⁸)
330 2221 453 2254 Genes.
476 2220 603 2260 XVIII,
628 2221 679 2254 10.
707 2221 785 2253 coll.
803 2221 903 2254 Rom.
929 2221 989 2260 IX,
1013 2222 1044 2255 9.

265 2277 302 2320 9)
324 2277 470 2319 Malach.
495 2277 522 2319 I,
544 2279 575 2313 2·
598 2277 630 2313 3.
655 2276 733 2310 coll.
758 2277 858 2311 Rom.
882 2277 943 2317 IX,
968 2276 1019 2311 13.
