1377 2454
183 93 229 128 22
454 90 633 125 Omssms
657 100 693 124 m
716 89 779 124 ΕΡ.
805 99 852 124 ΑΙ)
877 90 1057 125 ΒοΜΑΝοε

187 194 267 225 ergo
304 182 408 214 habet
445 181 594 216 zizania?
643 181 736 227 ΕΗ)
774 181 984 226 respondens
1028 179 1126 214 dixit:
1170 179 1327 214 inimicus

185 245 292 277 homo
318 244 385 277 hoc
409 243 521 278 secit.“
563 245 609 278 Et
634 245 744 276 adhuc
768 243 816 276 vis
839 243 984 288 amplius
1009 243 1147 284 discere,
1173 243 1250 288 quia
1274 243 1329 276 isti

187 305 296 339 carnis
319 307 448 339 fructus
472 320 544 339 non
569 315 648 339 sunt
671 305 789 346 nostri,
812 306 872 338 secl
898 304 1023 338 alieni?
1058 305 1182 350 Ipse2)
1204 305 1329 338 iterum

186 366 410 414 Dominus³>
446 367 482 400 in
515 368 700 410 Evangelio
736 367 831 400 dicit:
872 366 921 408 „si
934 366 970 412 4)
1000 366 1036 399 in
1066 366 1177 400 alieno
1211 367 1329 400 fideles

186 442 259 462 non
283 429 401 470 fuistis,
430 431 525 475 quod
550 440 697 463 vestrum
719 438 767 462 est
793 429 867 474 quis
882 428 976 462 dabit
999 428 1144 462 vobis?“
1168 428 1224 462 Sic
1249 441 1329 470 ergo

186 492 382 535 profundae
406 492 546 525 rationis
571 491 732 539 mysterio
757 491 792 524 in
816 491 909 524 malo
935 490 1074 536 quidem
1097 491 1211 523 fructu
1236 492 1330 535 Apo-

187 553 294 585 stolus
317 567 390 586 non
415 553 548 587 addidit
574 563 742 594 „vestrum
755 557 783 586 :“
809 554 851 586 de
865 554 959 586 bono
985 562 1098 586 autem
1125 552 1224 585 dicit:
1249 553 1330 593 „ha-

186 614 321 659 betis5)
346 616 495 648 fructum
521 625 669 648 vestrum
694 616 730 648 in
757 614 1090 648 sancfisscadonemf‘
1137 614 1245 658 Quod
1269 627 1332 646 au-

187 684 256 709 tem
281 677 501 721 perfectiores
527 677 668 722 dicate)
692 678 765 717 hos,
791 691 876 722 quos
902 676 1025 710 servire
1056 677 1134 709 Deo
1165 675 1332 716 nominat,

189 751 292 782 quam
315 738 404 779 illos,
430 752 515 784 quos
539 739 653 783 primo
678 738 801 772 servire
823 737 967 785 justitiae
992 738 1139 778 dixerat,
1168 738 1268 771 etiam
1293 751 1332 771 ex

187 800 254 833 hoe
278 802 464 845 probatur,
499 802 594 845 quod
624 802 749 834 horum
781 801 931 833 fructum
962 800 999 832 in
1030 799 1333 833 sanctificationem

187 861 321 906 posuit:
348 862 405 906 qui
430 862 571 904 intelligi
595 872 739 907 possunt
753 863 787 907 ⁷)
821 862 856 894 hi
886 876 966 901 esse,
991 861 1050 907 qui
1075 875 1110 895 se
1136 861 1277 895 castitati
1302 871 1334 895 et

189 923 419 956 continentiae
444 924 668 965 devoverunt3
693 924 741 957 illi
763 934 887 964 autem,
912 938 997 969 quos
1020 937 1134 956 servos
1159 923 1241 956 dixit
1265 937 1334 957 esse

187 983 344 1030 justitiae,
371 986 560 1030 possunt’ss)
595 985 698 1018 etiam
729 985 764 1018 hi
788 985 912 1026 videri,
938 985 996 1030 qui
1020 985 1055 1018 in
1081 984 1246 1031 conjugiis
1269 999 1334 1030 po-

191 1045 255 1086 siti,
282 1045 428 1092 justitiae
445 1057 559 1080 tamen
578 1057 610 1080 et
628 1047 787 1081 omnibus
804 1047 982 1080 virtutibus
999 1061 1137 1092 operam
1160 1049 1334 1092 praebent.

188 1107 245 1139 De
270 1107 335 1140 vita
360 1118 472 1141 autem
499 1118 654 1149 aeterna,
695 1109 845 1154 quamvis
872 1118 903 1141 et
926 1109 961 1141 in
987 1108 1059 1142 aliis
1083 1109 1167 1142 locis
1191 1123 1290 1155 saepe
1315 1124 1334 1143 a
1372 1126 1375 1127 ⁷

188 1169 289 1202 nobis
315 1171 443 1204 dictum
468 1170 518 1211 sit,
543 1181 655 1204 tamen
681 1180 712 1203 ct
737 1171 771 1204 in
795 1170 964 1216 praesenti
998 1171 1146 1204 breviter
1169 1172 1334 1216 perstrin-

189 1232 338 1273 gendum
364 1242 420 1272 est,
447 1234 540 1278 quod
567 1232 745 1266 aeternitas
776 1232 811 1264 in
846 1232 1028 1277 Scripturis
1058 1233 1253 1278 aliquando*
1268 1248 1334 1279 pro

190 1306 231 1325 eo
256 1304 416 1337 ponatur,
441 1304 478 1326 ut
499 1295 602 1327 finem
627 1294 764 1334 nesciat,
788 1294 974 1339 aliquando
999 1308 1089 1335 vero,
1115 1304 1153 1328 ut
1176 1295 1211 1328 in
1234 1309 1333 1340 prae-

189 1354 274 1387 senti
299 1355 437 1399 quidem
462 1357 598 1388 saeculo
624 1356 726 1388 finem
754 1369 827 1388 non
856 1356 988 1395 habeat,
1014 1356 1136 1389 habeat
1160 1366 1273 1390 tamen
1298 1358 1334 1391 in

189 1416 318 1449 futuro.
366 1416 564 1461 Aliquando
590 1417 753 1462 temporis
778 1416 928 1463 alicujus,
953 1418 1004 1450 vel
1019 1417 1118 1451 etiam
1134 1418 1220 1452 vitae
1235 1419 1336 1453 unius

189 1477 337 1511 hominis
361 1478 507 1522 spatium
533 1479 715 1512 aeternitas
740 1480 941 1524 appellatur,
966 1488 1004 1511 ut
1025 1489 1072 1512 est
1092 1480 1179 1513 illud
1204 1480 1240 1514 in
1263 1483 1336 1524 lege

189 1538 351 1584 scriptum
378 1541 420 1572 de
443 1554 540 1573 servo
566 1542 744 1575 Hebraeo:
770 1540 867 1585 ‚,si9)
903 1540 1066 1582 dilexerit,
1098 1541 1225 1587 inquit,
1249 1557 1335 1576 uxo-

189 1614 261 1633 rem
286 1615 392 1642 suam,
419 1611 450 1634 et
474 1602 562 1635 filios
586 1617 683 1643 suos,
720 1612 751 1636 et
775 1616 976 1647 permanere
1000 1603 1150 1638 voluerit
1172 1603 1208 1637 in
1232 1604 1334 1638 servi-

289 1746 323 1790 ')
347 1746 456 1779 Editi:
484 1748 550 1787 „Et
574 1750 819 1793 respondentes
853 1747 1044 1782 dixerunt.“
1072 1749 1152 1784 Mss.
1179 1749 1334 1794 quidam:

189 1791 255 1831 „Et
279 1792 487 1836 respondit.“
510 1793 549 1825 R.

283 1848 321 1891 2)
346 1847 438 1880 Editi
461 1848 509 1893 (v.
536 1862 561 1881 c.
588 1849 664 1881 edd.
690 1849 778 1893 M.):
805 1851 902 1894 „lpse
931 1850 1062 1883 etiam.“
1085 1850 1127 1882 R.

284 1903 321 1947 3)
347 1904 435 1936 Edd.
460 1905 619 1937 Merlini:
645 1904 678 1936 in
703 1905 888 1948 Evangelio
915 1906 1086 1939 Dominus
1112 1905 1201 1941 dicit.

282 1960 318 2002 4)
344 1961 425 1992 Luc.
450 1961 545 2000 XVI,
573 1964 623 1996 12.

286 2016 320 2060 ⁵)
345 2017 446 2049 Rom.
472 2017 531 2056 VJ,
555 2018 608 2051 22.

290 2073 326 2117 ⁶)
352 2074 432 2107 Rlss.
457 2072 629 2118 plerique:
653 2073 764 2113 „dicat
797 2073 882 2107 hic.“
907 2074 947 2107 R.
973 2095 1015 2103 —-
1042 2074 1106 2108 Ed.
1131 2074 1179 2108 Μ.
1204 2076 1237 2109 I:
1262 2075 1335 2117 „di-

195 2126 248 2162 ςᾶῐ
272 2117 354 2151 his.“

201 2164 204 2167 Ι
285 2173 323 2218 ’7)
348 2174 438 2207 Edd.
463 2174 618 2207 Merlini:
643 2175 783 2219 possint,

287 2229 323 2273 ε1)
349 2230 415 2264 Ed.
438 2225 495 2264 M(
512 2232 563 2263 II:
589 2231 729 2275 possint.

286 2284 321 2329 9)
346 2286 456 2322 Exod,
479 2287 574 2328 XXI,
599 2287 629 2320 5.
653 2288 684 2322 6.
