1377 2454
210 91 279 126 250
481 88 659 124 Omenms
682 100 720 124 m
743 90 805 125 Ep,
829 99 876 125 An
902 91 1082 127 RomAnos

211 179 330 220 tium.“
377 178 484 223 Quod
513 179 602 212 enim
626 179 702 220 illis,
728 180 786 225 qui
812 182 1042 222 offenderunt,
1068 182 1273 217 diminutum
1299 193 1347 219 est

212 251 245 275 et
271 242 439 281 ablatum,
474 242 516 274 ad
543 241 672 274 divitias
697 242 861 275 Gentium
886 243 1049 276 collatum
1074 254 1131 284 est,
1157 245 1262 290 qui')
1284 259 1346 291 per

210 304 315 336 fidem
338 317 415 348 pars
440 303 584 336 Domini
609 313 641 336 et
665 304 851 338 haereditas
884 303 955 350 ejus
982 306 1094 339 effecti
1116 316 1202 340 sunt.
1249 307 1346 341 Bene

210 375 323 399 autem
350 367 393 399 ad
426 365 688 399 diminutionem
720 366 867 400 reddidit
897 367 1164 412 plenitudinem,
1206 377 1238 401 et
1271 383 1344 402 non

209 428 281 461 sine
304 429 480 472 profundo
507 428 657 472 quodam
681 441 778 461 sensu
804 429 973 473 populum
1000 429 1101 462 Israel
1119 429 1245 462 Paulus
1269 431 1343 474 ple-

208 490 400 523 nitudinem
425 499 530 522 vocat.
584 489 624 521 In
656 503 724 534 quo
754 503 815 531 ego
850 504 914 535 pro
940 490 1065 524 viribus
1089 490 1170 524 meis
1195 492 1261 524 tale
1285 491 1346 524 ali-

211 552 293 597 quid
318 551 489 592 intelligo:
523 564 613 583 nunc
640 551 796 596 quidem,
833 553 943 585 donec
976 566 1094 585 omnes
1129 553 1254 586 Gentes
1288 566 1344 586 ve-

209 614 310 646 niunt
338 614 379 646 ad
404 613 565 653 salutem,
603 623 849 656 congregantur
885 613 1018 647 divitiae
1050 614 1116 647 Dei
1141 628 1179 647 ex
1204 615 1345 647 creden-

208 675 294 708 tium
318 673 554 708 multitudine:
592 676 650 707 sed
685 676 796 708 donec
820 676 923 708 Israel
950 675 982 708 in
1008 675 1242 709 incredulitate
1265 689 1343 721 per-

207 737 300 777 sistit‚
325 737 479 769 nondum
505 736 684 781 plenitudo
710 737 877 781 portionis
902 737 1045 770 Domini
1070 737 1249 781 dicetur2)
1275 751 1344 772 esse

207 799 387 843 completa.
427 799 531 830 Deest
555 797 644 830 enim
670 800 711 831 ad
734 798 904 847 ‘integrum
929 800 1078 844 populus
1102 801 1213 834 Israel.
1254 799 1343 833 Cum

206 875 286 894 vero
311 860 490 906 plenitudo
518 860 680 892 Gentium
714 860 1011 906 subintraverit,3)
1037 871 1068 894 et
1092 862 1193 895 Israel
1218 862 1252 895 in
1276 875 1341 894 no-

206 923 339 956 vissimo
372 931 526 966 tempore
557 935 619 965 per
642 922 746 954 fidem
771 922 899 954 venerit
923 924 964 955 ad
991 924 1150 955 salutem:
1182 923 1254 968 ipse
1279 923 1341 956 erit

204 985 364 1030 populus,
390 983 447 1028 qui
472 983 568 1027 prior
592 983 729 1027 quidem
754 985 879 1024 suerat;
902 985 960 1017 sed
986 985 1186 1017 novissimus
1206 985 1341 1017 veniens

204 1047 310 1091 ipsam
338 1046 596 1090 quodammodo
622 1045 834 1078 haereditatis
860 1055 892 1078 et
914 1046 1082 1097 portionis
1096 1046 1241 1078 Domini
1264 1046 1339 1090 ple-

204 1107 395 1141 nitudinem
420 1106 665 1152 complebit.‘²)
711 1108 757 1140 Et
781 1107 858 1140 ideo
884 1107 1156 1152 ,‚plenitud0“⁵)
1189 1109 1339 1153 appella-

203 1180 269 1209 tur,
296 1169 373 1214 quia
399 1170 492 1214 quod
518 1170 633 1202 deerat
655 1168 690 1201 in
714 1169 873 1214 portione
898 1169 974 1209 Dei,
999 1169 1034 1202 in
1058 1169 1245 1203 novissimis
1268 1170 1340 1215 ipse

204 1231 407 1276 complebit:
440 1241 472 1263 et
506 1231 551 1264 ita
586 1231 827 1275 omnipotentis
861 1241 893 1264 et
924 1231 1007 1264 boni
1032 1231 1097 1264 Dei
1134 1231 1338 1276 dispensatio

203 1294 325 1327 delicta
349 1293 494 1326 aliorum
519 1295 692 1326 fructuosa
717 1293 788 1325 aliis
823 1293 943 1333 efficit,
977 1293 1062 1326 sicut
1099 1293 1134 1325 in
1171 1292 1338 1338 praesenti

202 1356 325 1389 delicta
350 1356 450 1387 Israel
476 1354 604 1388 divitias
627 1355 748 1387 mundi
772 1354 859 1395 facit,
885 1364 917 1388 et
929 1353 966 1400 ὃ)
992 1354 1252 1388 diminutionem
1279 1368 1336 1387 eo-

201 1431 278 1450 rum
309 1416 437 1450 divitias
474 1417 646 1449 Gentium.
703 1416 830 1461 Jam7)
861 1430 941 1450 sane
974 1417 1000 1450 si
1033 1426 1066 1449 ct
1099 1430 1137 1449 ex
1172 1415 1336 1450 Gentium

199 1553 318 1590 banus,
343 1560 375 1583 et
401 1549 480 1583 editi
504 1550 550 1594 (v,
577 1563 603 1583 c.
629 1551 705 1583 edd.
730 1550 811 1594 M.)
841 1550 954 1589 „Haec
981 1549 1183 1582 diminutio“
1208 1559 1269 1584 etc.
1294 1551 1335 1585 R.

199 1618 241 1624 —
264 1598 365 1629 Rom.
391 1596 451 1635 Xl,
476 1595 525 1628 12.

297 1644 330 1681 Ι)
358 1641 465 1679 Editi,
503 1640 558 1672 alii
592 1640 725 1684 (itemq.
752 1641 803 1672 cd.
830 1641 877 1672 M.
902 1640 981 1684 lI.):
1013 1653 1121 1685 „quae
1146 1653 1207 1684 per
1232 1641 1333 1673 fidem

225 1702 276 1720 ars
311 1686 453 1718 Domini
486 1687 605 1718 effecta
637 1695 714 1718 sunt
754 1685 938 1717 haereditas
973 1684 1075 1730 ejus,“
1112 1685 1167 1717 alii
1199 1685 1334 1731 (itemq.

200 1734 250 1765 ed.
276 1734 325 1766 M.
353 1732 413 1772 l.):
439 1730 518 1775 „qui
541 1744 603 1775 per
624 1731 725 1763 fidem
747 1744 824 1776 pars
840 1730 982 1763 Domini
1009 1732 1128 1763 effecta
1154 1740 1232 1764 sunt
1255 1732 1334 1764 hae-

199 1778 324 1811 reditas
350 1776 452 1821 ejus.“
478 1777 518 1809 R.

290 1834 327 1876 ²)
354 1833 444 1865 Alias
468 1834 515 1876 (e.
541 1846 567 1866 c.
594 1832 628 1864 in
655 1833 730 1865 edd.
755 1831 840 1875 ῘΜ.);
865 1830 1041 1870 ,,(]Ῑςίῑυι·.“
1066 1832 1107 1865 R.

290 1891 327 1935 3)
352 1892 453 1923 Rom.
478 1889 538 1928 Xl,
560 1891 614 1923 25.

290 1948 326 1991 ⁴)
351 1946 443 1980 Editi
477 1947 522 1990 (e.
558 1959 585 1979 c.
612 1946 687 1978 edd.
718 1943 803 1988 M),
836 1952 867 1976 et
899 1943 1076 1977 Rabanus:
1111 1947 1332 1991 „compleatf‘

196 1995 296 2028 Male.
324 1994 362 2025 R.

290 2049 325 2094 ⁵)
349 2050 448 2081 Rom.
475 2047 534 2086 XI,
561 2048 611 2080 12.

289 2105 325 2149 ⁶)
350 2105 438 2137 Edd.
461 2102 615 2136 'Merlinh
641 2111 694 2141 „et
718 2100 991 2133 imminutionem
1019 2105 1159 2133 eorum“
1185 2111 1244 2133 ete.

287 2161 323 2204 ⁷)
350 2161 396 2192 Ita
422 2160 502 2192 Mss.
548 2156 640 2190 Editi
671 2170 750 2188 vero
787 2159 830 2199 (v,
856 2169 882 2188 c.
909 2157 984 2189 edd.
1010 2156 1096 2191 ἸΝῙ.);
1127 2156 1224 2195 „Jam
1247 2168 1327 2187 sane

197 2209 253 2240 fiet
277 2220 312 2239 cx
342 2205 502 2239 Gentium
528 2202 666 2241 delictis,
693 2214 778 2245 quae
802 2201 989 2233 necessario
1017 2200 1234 2244 delinquunt,
1260 2201 1326 2232 tale

196 2251 339 2296 aliquid:
368 2250 521 2283 omnium
547 2248 635 2280 enim
662 2247 874 2291 dispensator
898 2255 930 2278 ct
955 2245 1122 2290 aliquibus
1148 2257 1184 2277 ex
1210 2244 1248 2277 iis
1273 2244 1323 2276 di-

196 2298 287 2331 vitias
312 2298 460 2329 confert:
485 2307 528 2327 ne
552 2295 616 2327 hoc
643 2291 736 2337 quasi
761 2290 933 2336 spirituale
957 2291 1060 2324 solius
1074 2289 1175 2323 Israel
1197 2309 1236 2316 —
1264 2289 1324 2323 ista
