1377 2454
176 55 244 91 114
448 53 627 87 OmGEle
649 62 687 87 m
710 53 772 87 ΕΡ.
797 61 845 87 AD
871 53 1049 87 ROMAnos

179 145 265 179 inest
290 143 428 189 quidam
461 143 733 189 miserationis¹)
758 144 916 183 affectus,
949 153 982 176 et
1005 143 1077 188 ipse
1100 143 1267 189 „Spiritus
1278 138 1316 189 ²»)

179 206 316 254 adjuvat
339 205 571 239 infirmitatem
596 210 779 239 nostram.“
817 205 979 250 Denique
998 205 1130 250 quid3)
1152 218 1216 238 nos
1240 218 1316 238 ora-

180 281 233 308 re,
266 267 349 313 quid
379 281 398 301 a
421 268 499 300 Deo
532 277 649 312 petere
684 277 859 312 oporteat,
890 267 1094 309 ignoramus.
1141 267 1318 300 Interdum

181 330 272 364 enim
298 343 384 374 quae
409 329 577 362 contraria
603 329 702 362 saluti
726 338 805 362 sunt
846 328 1018 373 cupimus,
1042 328 1236 362 infirmitate
1260 342 1318 361 co-

180 401 287 435 gente.
343 390 438 424 Sicut
469 392 559 423 enim
593 390 666 435 quis
699 390 735 422 in
767 389 977 432 aegritudine
1011 390 1163 435 corporis
1190 390 1320 435 positus

179 467 253 487 non
278 466 325 493 ea,
352 465 438 497 quae
462 452 641 497 sanitati4)
667 461 860 494 congruunt
884 452 936 485 vel
956 453 1165 491 conducunt,
1189 453 1248 485 sed
1273 465 1321 491 ea,

182 529 268 561 quae
292 513 477 560 praesentis
502 514 704 547 infirmitatis
737 514 942 547 desiderium
970 514 1183 557 suggesserit,
1213 513 1323 558 poscit

182 591 199 610 a
224 577 378 610 medico:
403 576 447 608 ita
473 586 506 609 et
529 590 592 610 nos
616 575 766 622 inhujus
792 577 877 609 vitae
900 576 1096 609 infirmitate
1115 577 1324 619 languentes,

181 639 354 672 interdum
379 652 395 671 a
421 638 500 670 Deo
525 638 681 682 petimus,
709 639 803 683 quod
828 652 899 671 non
925 637 1060 682 expedit
1092 637 1203 670 nobis.
1249 637 1322 670 De-

182 702 286 746 nique
311 712 375 745 ego
400 699 471 744 ipse
494 699 632 739 Paulus,
658 700 716 744 qui
741 701 823 732 haec
847 700 975 744 loquor
995 701 1037 732 ad
1062 713 1131 740 vos,
1156 713 1234 732 cum
1257 698 1322 731 mi-

182 763 234 803 hi,
268 761 458 806 propter5)
493 761 736 794 sublimitatem
778 761 1025 794 revelationum
1059 775 1102 794 ne
1134 762 1323 800 extollerer,

184 825 281 857 datus
313 823 428 856 fuisset
452 836 470 855 a
496 823 651 855 Domino
683 824 850 865 „angelus
874 833 1024 863 satanae,
1056 823 1113 868 qui
1143 836 1198 856 me
1232 823 1324 855 cola-

182 885 344 931 phizaret,
369 895 422 918 ter
446 884 640 917 Dominum
665 884 789 927 rogavi,
813 895 851 917 ut
876 885 1063 918 discederet
1087 898 1105 917 a
1130 889 1234 924 me,“
1263 897 1324 917 ne-

184 947 290 980 sciens
324 947 405 991 quid
438 960 589 979 orarem:
624 956 655 979 et
689 946 767 979 ideo
802 946 879 990 quia
912 947 1105 979 nesciebam
1136 947 1325 979 secundum

185 1009 279 1054 quod
305 1018 441 1053 oportet
466 1021 574 1047 orare,
598 1021 670 1040 non
682 1007 718 1052 ⁶)
743 1021 797 1040 me
822 1008 949 1041 audivit
972 1008 1164 1048 Dominus,
1189 1009 1249 1041 sed
1274 1007 1325 1040 di—

184 1070 230 1104 xit
254 1070 355 1103 mihi:
382 1069 576 1113 „sufficit⁷)
607 1069 669 1101 tibi
693 1070 796 1111 gratia
821 1083 916 1109 mea,
940 1083 1020 1102 nam
1046 1069 1148 1102 virtus
1171 1069 1204 1102 in
1231 1068 1325 1102 infir-

184 1132 301 1165 mitate
325 1131 534 1176 perficitur.“
590 1130 645 1164 Sic
677 1144 756 1173 ergo
790 1131 944 1176 „quid⁸)
972 1145 1108 1164 oremus
1138 1131 1326 1164 secundum

186 1195 282 1238 quod
307 1202 454 1238 oportet,
477 1192 662 1234 nescimus3
686 1195 745 1226 sed
771 1193 843 1238 ipse
868 1192 1013 1236 Spiritus
1045 1193 1239 1237 interpellat
1261 1205 1326 1237 pro

186 1255 286 1288 nobis
310 1254 488 1298 gemitibus
512 1254 830 1288 inenar1·abilibus.“
886 1255 1068 1297 Magnum,
1092 1254 1206 1288 nescio
1234 1254 1327 1299 quid,

186 1317 313 1349 Paulus
337 1317 371 1349 in
396 1315 575 1358 gemitibus
600 1315 716 1349 sentit:
752 1330 829 1350 ecce
853 1316 943 1349 enim
968 1315 1037 1361 jam
1062 1316 1162 1349 tertio
1185 1315 1328 1358 gemitus

185 1377 293 1423 ponit.
340 1379 429 1411 Nam
462 1387 494 1410 et
518 1377 760 1422 ‚,creatura‚⁹)
784 1378 911 1423 inquit,
944 1377 1198 1420 congemiscit,“
1214 1378 1271 1422 ¹⁰)
1297 1386 1328 1410 et

285 1538 317 1582 ¹)
343 1536 399 1571 Sic
433 1551 551 1571 omnes
582 1539 662 1571 les.
690 1538 816 1578 nostri,
847 1548 879 1571 et
907 1539 1080 1572 Rabanus.
1127 1538 1222 1572 Editi
1246 1552 1326 1572 vero

187 1587 235 1627 (v.
261 1597 286 1617 c.
313 1584 388 1616 edd.
412 1584 497 1627 M.)
524 1583 770 1623 „miserationis
796 1585 947 1618 affectus.
980 1585 1056 1629 Ipse
1081 1584 1182 1625 enim,
1206 1584 1328 1629 inquit,

188 1628 334 1673 Spiritus
358 1627 515 1674 adjuvat“
542 1638 602 1662 etc.
618 1629 658 1661 R.

281 1684 318 1727 ²)
342 1684 443 1716 Rom.
468 1685 561 1725 VIII,
584 1685 638 1719 26.

283 1740 319 1784 ³)
344 1740 433 1773 Edd.
458 1741 615 1774 Merlini:
643 1741 724 1786 quid
750 1742 904 1780 adorare,
930 1741 1012 1785 quid
1038 1751 1096 1774 etc.

282 1796 318 1840 4)
342 1795 433 1828 Alias
458 1799 505 1841 (V.
532 1810 558 1829 c.
582 1796 617 1829 in
644 1798 719 1830 edd.
744 1797 833 1841 Ma)
857 1796 1010 1836 „sanitati
1028 1798 1245 1836 conducunt,
1267 1797 1327 1842 (al.

189 1841 240 1875 ad
274 1843 477 1873 sanitatem
517 1842 746 1878 conducunt:
790 1843 831 1875 al.
865 1843 1069 1874 sanitatem
1109 1841 1327 1886 adducunt),

188 1888 247 1921 sed
274 1900 323 1926 ea,
347 1899 433 1931 quae
457 1900 615 1931 praesens
641 1886 846 1920 desiderium
859 1887 1065 1929 suggesserit,
1089 1887 1231 1932 poscita
1255 1900 1327 1920 me·-

188 1932 282 1966 dico:
311 1931 355 1964 ita
381 1942 412 1964 et
436 1945 498 1964 nos
523 1933 557 1965 in
580 1932 680 1979 hujus
705 1932 830 1966 saeculi
853 1933 1068 1966 infirmitate“
1097 1942 1158 1966 etc.
1181 1934 1223 1966 R.

283 1987 318 2032 ⁵)
342 1987 374 2020 11
401 1986 479 2021 cor.
504 1987 582 2028 XII,
608 1990 636 2022 7.
660 1989 690 2024 8.

282 2043 319 2086 ⁶)
343 2043 436 2077 Editi
462 2045 508 2089 (v.
535 2058 560 2078 c.
586 2046 637 2078 ed.
663 2046 712 2078 M.
737 2045 797 2090 I.):
829 2058 905 2084 „me
929 2044 1057 2077 audivit
1080 2044 1271 2084 Dominus,
1296 2053 1329 2077 et

190 2087 272 2121 dixit
295 2088 399 2122 mihi“
430 2099 510 2130 ete,
542 2090 666 2123 omisso
701 2095 825 2130 „non.“
856 2091 896 2123 R.
921 2111 965 2116 ——-
990 2089 1054 2123 Ed.
1084 2090 1133 2122 Μ.
1166 2090 1216 2122 II:
1251 2103 1328 2130 „me

188 2147 259 2167 non
285 2134 411 2167 audivit
435 2135 618 2175 Dominus,
644 2146 675 2168 et
701 2136 783 2169 dixit
807 2134 912 2168 mihi“
937 2144 997 2168 etc.

284 2190 320 2234 7)
345 2191 377 2223 Π
404 2190 483 2224 cor.
508 2191 586 2230 ΧΠ,
610 2192 641 2225 9.
752 2193 790 2235 ⁸)
814 2193 916 2225 Rom.
941 2191 1034 2230 vm,
1058 2191 1111 2224 26.

283 2246 319 2290 ⁹)
344 2247 444 2282 Rom.
469 2247 561 2288 VIII,
583 2250 637 2283 22.
736 2248 792 2292 ¹⁰)
817 2249 907 2282 Edd.
943 2246 1098 2280 Merlini:
1130 2245 1326 2289 ingemiscit.
