1377 2454
165 47 232 80 118
434 45 611 79 Omfflzms
635 56 671 78 m
695 45 756 78 ΕΡ.
781 55 828 78 An
857 45 1035 79 Rommos

165 135 245 169 ideo
269 135 357 168 illud
380 135 484 178 magis
507 136 692 170 tenendum
726 145 791 174 est,
823 136 917 180 quod
941 147 1005 167 nos
1021 135 1055 178 ¹)
1090 134 1125 166 in
1151 134 1304 167 oratione

168 197 329 239 dicere2)
354 197 471 231 docuit
495 198 684 231 Dominus:
709 198 834 241 ‚,fiat3)
860 197 1015 229 voluntas
1038 201 1125 229 tua.“

257 259 351 303 „Qui
364 259 401 305 4)
424 269 537 292 autem
564 269 732 292 scrutatur
763 259 883 298 corda,
918 257 980 292 scit
1022 257 1105 302 quid
1137 257 1305 290 desideret

167 320 332 365 Spiritus,
396 321 473 366 quia
524 321 760 365 secundum⁵)
802 321 919 353 Deum
932 319 970 364 ⁶)
1011 319 1205 364 interpellat
1238 332 1302 363 pro

167 381 321 416 sanctis.“
379 383 588 428 Ostendit⁷)
626 383 764 428 quidem
779 408 787 422 ‚
827 396 846 415 a
883 382 961 414 Deo
1003 395 1075 414 non
1108 391 1177 414 tam
1203 383 1305 414 verba

166 453 282 477 nostra
307 444 343 477 in
369 445 533 485 oratione,
567 458 669 489 quam
702 458 762 477 cor
786 453 1006 489 mentemque
1028 442 1210 488 perpendi:
1234 443 1306 487 ipse

168 505 259 538 enim
284 516 341 547 est,
368 507 425 551 qui
450 508 667 550 scrutaturs)
691 508 794 539 corda
827 515 860 538 et
893 519 998 538 renes.
1056 505 1162 548 Quod
1193 514 1304 537 autem

166 569 319 601 secundo
345 568 484 614 dicit‚9)
500 569 578 614 quia
601 568 769 613 „Spiritus
789 568 1014 612 interpellat,“
1040 568 1105 599 hoc
1128 575 1185 605 est,
1211 568 1307 610 quod

167 630 306 664 edocet:
330 644 403 663 non
426 630 603 663 minimam
628 630 914 674 dispensationem
939 628 1108 672 etiam’0)
1140 641 1203 672 per
1228 627 1306 672 Spi-

166 691 271 724 ritum
295 702 449 725 sanctum
473 692 508 725 in
534 693 731 725 hominibus
756 691 834 734 geri.
884 689 1048 735 Quamvis
1073 690 1163 722 enim
1188 689 1304 731 unige-

165 752 256 786 nitus
280 753 389 787 Filius
413 754 480 787 Dei
503 768 567 799 pro
592 755 700 787 salute
724 753 863 786 humani
896 752 1025 795 generis
1058 752 1250 785 incarnatus
1275 761 1308 784 et

165 828 282 859 passus
307 815 366 856 sit,
403 825 435 849 et
458 826 569 849 morte
593 829 651 849 sua
678 815 878 848 destruxerit
902 824 1064 853 mortem,
1099 823 1132 846 et
1155 826 1305 846 resurre-

166 876 280 910 ctione
304 877 491 911 reddiderit
513 879 632 919 vitam,
666 877 775 910 nihilo
790 879 796 896 ¹
812 877 846 922 Ι)
877 876 1009 918 segnius
1041 885 1153 908 tamen
1179 876 1308 919 absque

165 937 399 972 incarnatione
437 939 688 984 magnificam)
720 949 884 981 geruntur
915 937 1015 970 etiam
1046 951 1108 982 per
1141 937 1307 981 Spiritum

165 1010 329 1034 sanctum.
379 1002 602 1046 Tantum13)
626 1010 685 1040 est,
711 1002 806 1045 quod
830 1000 888 1033 ille
918 1013 982 1044 pro
1015 999 1126 1043 impiis
1150 1009 1307 1032 mortuus

167 1071 232 1095 est:
257 1085 300 1092 —
324 1063 370 1095 sic
396 1064 486 1096 enim
511 1072 544 1096 et
566 1063 637 1107 ipse
660 1063 788 1095 Paulus
816 1061 973 1100 ostendit,
999 1074 1077 1093 cum
1101 1060 1199 1093 dicit:
1225 1061 1306 1101 „ad-

166 1124 304 1169 huc¹⁴)
329 1124 420 1158 enim
457 1125 626 1164 Christus,
658 1138 735 1157 cum
765 1123 891 1156 infirmi
925 1136 1088 1162 essemus,
1118 1123 1307 1155 secundum

263 1265 297 1309 ¹)
320 1265 427 1298 Deest
450 1268 554 1304 ‚‚nos“
579 1263 613 1295 in
639 1264 715 1296 edd.
746 1263 794 1295 M.

261 1319 298 1362 ²)
324 1320 548 1353 Desideratur
571 1319 606 1351 in
632 1318 728 1351 editis
754 1318 800 1362 (v.
818 1332 844 1351 c.
865 1319 940 1351 edd.
964 1318 1051 1362 M.):
1076 1319 1242 1359 ‚,dicere.“
1265 1319 1306 1351 R.

260 1375 299 1419 3)
323 1376 447 1410 Matth.
471 1376 529 1415 VI,
557 1376 607 1408 10.
703 1373 739 1419 4)
765 1374 866 1407 Rom.
890 1374 983 1413 VIII,
1007 1376 1060 1408 27.

262 1433 297 1475 ⁵)
323 1433 416 1466 Editi
441 1433 487 1477 (v.
514 1445 541 1463 c.
567 1431 642 1464 edd.
666 1430 736 1474 M.)
763 1430 939 1462 omittunt:
979 1431 1221 1470 ‚,secundum.“
1242 1431 1284 1464 R.

260 1489 296 1531 ⁶)
322 1490 411 1522 Edd.
436 1487 593 1521 Merlini2
620 1487 735 1519 Deum
759 1487 910 1530 postulat
934 1500 997 1530 pro
1024 1495 1085 1519 etc.

261 1545 297 1589 ⁷)
323 1545 416 1578 Editi
447 1545 493 1590 (e.
526 1557 552 1576 c.
578 1543 655 1576 edd.
679 1542 766 1587 M.):
802 1542 986 1582 „Ostendit
1020 1542 1159 1586 quidem
1191 1542 1306 1574 Deum

166 1604 238 1623 non
262 1600 329 1623 tam
353 1611 405 1631 --‚
423 1603 524 1635 quam
545 1609 585 1613 -
602 1589 846 1632 perpendere.“
868 1587 950 1620 ll'Iss.
979 1588 1132 1631 quidam:
1158 1587 1307 1626 „Osten-

167 1636 217 1669 dit
243 1637 381 1681 quidem
407 1650 444 1669 ex
471 1648 510 1667 eo
535 1648 606 1666 non
632 1643 701 1665 tam
727 1653 778 1673 -—,
804 1646 906 1677 quam
931 1653 971 1657 —
998 1633 1195 1677 perpendi.“
1237 1633 1306 1665 Sed

165 1681 249 1714 Msc.
275 1695 362 1714 unus
386 1682 466 1723 Reg.
493 1690 525 1713 et
548 1680 709 1712 Rabanus
739 1678 860 1711 melius
883 1687 921 1710 ut
944 1678 979 1710 in
1003 1687 1105 1710 textu.
1130 1679 1161 1710 R

258 1737 295 1783 ὃ>
320 1738 443 1770 Psalm.
470 1737 545 1776 vn,
568 1736 597 1770 9.
695 1735 731 1780 ⁹)
759 1735 860 1767 Rom.
885 1734 977 1773 vin,
1005 1735 1059 1768 27.

239 1793 295 1838 ¹⁰)
321 1794 359 1825 In
385 1793 481 1826 editis
506 1792 554 1838 (v.
580 1806 606 1825 c.
633 1793 709 1825 edd.
733 1789 802 1835 M)
829 1789 996 1822 omittitur
1019 1789 1173 1829 „etiam.“
1197 1789 1238 1822 R.

238 1849 296 1895 ¹¹)
321 1849 376 1883 Sic
400 1850 572 1887 Rabanus,
599 1858 631 1881 ct
655 1848 738 1880 Msc.
764 1859 851 1878 unus
874 1847 954 1887 Reg.
980 1859 1072 1878 num.
1096 1845 1193 1879 1639.
1221 1844 1305 1877 Cae-

163 1894 227 1928 teri
241 1908 320 1928 vero
338 1895 430 1934 Blss„
450 1904 482 1927 et
500 1894 580 1926 editi
595 1896 643 1937 (ν.
660 1906 686 1925 c.
708 1893 783 1925 edd.
798 1891 883 1936 M.):
907 1890 1090 1933 „insignius
1102 1895 1248 1923 tamen.“
1264 1891 1302 1923 R.

239 1951 295 1995 ¹²)
319 1951 408 1983 Edd.
433 1949 591 1982 NIerlini:
615 1948 801 1991 magnifice.

240 2008 296 2052 ¹3)
322 2008 371 2039 Ita
410 2016 499 2039 recte
529 2006 612 2038 'Mse
650 2018 738 2037 unus
776 2003 856 2045 Reg.
889 2016 983 2035 num.
1018 2003 1115 2037 1639.
1173 2002 1305 2036 Caeteri

165 2067 246 2086 vero
277 2053 359 2086 Mss.
395 2052 549 2092 „Tamen
582 2050 658 2094 quia
692 2050 748 2082 ille
778 2061 842 2092 pro
869 2047 1002 2092 impiis“
1038 2058 1097 2081 etc.
1121 2049 1302 2081 Rabanus:

165 2098 265 2143 „quia
291 2107 323 2130 et
347 2097 404 2130 ille
427 2110 491 2141 pro
516 2096 648 2141 impiis“
674 2104 745 2133 etc.,
771 2093 895 2126 omisso
933 2093 1116 2132 „Tamen.“
1139 2092 1233 2127 Editi
1257 2092 1303 2136 (e.

166 2158 194 2176 c.
219 2145 297 2178 edd.
310 2143 399 2187 M)
423 2142 577 2182 „Tamen
603 2140 680 2186 quia
706 2139 779 2184 (aL,
804 2138 917 2183 itemq.
943 2139 1018 2172 cdd.
1047 2140 1104 2179 M„
1128 2138 1247 2183 quod)
1273 2147 1303 2170 et

166 2189 224 2222 ille
248 2202 312 2234 pro
338 2187 470 2232 impiis“
495 2196 557 2220 etc.
580 2187 609 2220 R
695 2186 699 2189 χ

239 2244 297 2291 ¹⁴)
319 2245 421 2278 Rom.
446 2244 489 2283 V,
513 2243 544 2278 6.
