1320 2444
176 70 244 105 342
445 67 622 102 Omessms
645 78 682 102 m
706 68 767 101 ΕΡ.
790 76 838 101 An
864 67 1043 103 RomAnos
1319 60 1320 84 ¹

178 172 242 204 per
275 157 393 191 omnia
423 158 532 192 carnis
565 172 680 192 euram
713 168 813 201 negat
839 159 1044 193 habendam.
1100 159 1241 192 Certum
1266 170 1308 194 esi

179 221 279 261 enim,
304 222 399 266 quod
423 220 457 253 in
482 221 674 254 necessariis
695 221 853 255 habenda
879 231 941 255 est:
966 221 1002 255 in
1027 220 1154 255 deliciis
1173 234 1265 262 vero,
1283 230 1310 255 et

177 282 328 323 luxuria,
361 292 460 327 atque
494 283 590 316 omni
615 283 906 327 concupiscentia,
935 283 1070 329 penitus
1094 283 1311 316 excludenda.

245 345 300 379 35.
325 344 525 384 „Infirmum
540 344 574 388 ι>
591 353 702 377 autem
728 344 763 378 in
784 347 852 379 fide
868 345 1034 385 assumite,
1057 358 1130 377 non
1147 344 1182 377 in
1207 343 1311 377 disce-

175 406 387 450 ptationibus
412 406 666 448 cogitationum.
712 406 807 441 Alius
831 407 1017 452 quidem2)
1042 405 1148 439 credit
1169 406 1312 439 mandu-

179 480 256 500 care
279 481 313 501 se
338 468 471 501 onmia:
504 468 562 512 qui
586 477 696 501 autem
721 468 876 502 infirmus
902 478 966 509 est,
999 467 1139 512 olera³)
1168 468 1314 500 mandu-

179 533 263 563 cet.“
314 529 358 562 Et
387 530 422 562 in
445 530 677 574 superioribus
710 532 751 563 de
764 529 801 574 4)
832 530 912 564 fidei
942 528 1138 563 infirmitate
1168 528 1315 562 mentio-

177 603 257 623 nem
281 591 360 624 fecit
383 592 586 636 Apostolus,
611 591 672 624 ubi
702 592 747 625 ait
780 594 823 625 de
848 592 1039 625 Abraham:
1073 590 1221 633 „cum⁵)
1246 591 1316 623 sere

179 661 315 685 centum
342 666 514 686 annorum
540 662 631 692 esset,
656 667 726 686 non
752 653 941 687 infirmatus
965 662 1013 686 est
1034 654 1134 686 fide.“
1171 652 1226 685 De
1250 665 1315 696 qua

176 713 372 747 infirmitate
394 713 474 748 fidei
498 714 533 746 in
558 714 623 747 illis
649 715 732 748 locis
750 727 836 759 quae
856 727 1035 747 occurrere
1049 723 1237 759 potuerunt
1261 726 1315 746 ex-

176 776 361 819 posuimus.
411 776 480 808 Sed
505 785 536 808 et
558 790 651 809 nunc
676 775 766 820 defi)
792 776 929 809 infirmo
955 776 990 808 in
1014 777 1082 809 fide
1104 788 1315 809 commemo-

175 845 238 876 rat,
262 849 363 881 quem
387 837 423 869 in
449 850 490 870 eo
516 837 597 870 dicit
619 838 813 878 infirmum,
839 837 917 881 quia
942 850 1015 869 non
1041 837 1147 870 credit
1169 838 1318 870 mandu-

178 910 255 930 care
280 899 408 938 omnia,
430 900 489 931 sed
513 908 580 931 tam
615 900 728 941 exigua
762 908 809 932 est
832 900 914 932 fides
940 896 1027 944 ejus,
1059 908 1097 931 ut
1119 900 1190 931 sola
1224 899 1318 932 olera

177 969 426 1003 competentem
457 959 522 993 sibi
553 973 620 993 esse
655 960 816 993 existimet
847 960 972 993 cibum.
1021 959 1127 1002 Quod
1141 959 1177 1003 ⁷)
1209 968 1320 1004 potest

178 1021 316 1065 quidem
351 1021 455 1054 videri
487 1021 615 1054 dictum
641 1023 683 1055 ad
709 1035 787 1060 eos,
825 1021 883 1066 qui
907 1033 945 1053 ex
972 1019 1139 1054 Gentibus
1163 1021 1318 1054 credide-

178 1092 268 1123 runt,
290 1084 487 1116 extollentes
509 1096 544 1116 se
567 1083 601 1116 in
623 1084 811 1116 libertatem
828 1083 920 1123 fidei,
943 1095 1010 1127 qua
1024 1082 1109 1116 nihil
1134 1096 1318 1116 commune

178 1153 235 1176 aut
265 1144 484 1177 immundum
518 1158 586 1178 esse
600 1144 636 1189 Β)
676 1146 851 1178 crederent
881 1146 1058 1179 adversum
1091 1157 1167 1184 eos,
1196 1144 1255 1188 qui
1280 1157 1318 1177 ex

178 1205 436 1239 circumcisione
467 1206 705 1247 crediderunt,
740 1208 955 1240 observantes
988 1207 1101 1239 adhuc
1129 1207 1318 1239 secundum

177 1266 395 1300 traditionem
418 1268 498 1309 legis
529 1268 685 1301 ciborum
712 1268 957 1301 differentiam:
990 1277 1027 1300 ut
1051 1280 1108 1301 eos
1131 1266 1318 1312 reprimere

178 1328 332 1362 videatur
355 1339 387 1362 et
409 1342 560 1369 monere,
583 1343 626 1362 ne
650 1330 810 1363 insultent
834 1329 882 1370 iis,
909 1329 1031 1374 quibus
1056 1330 1157 1371 longa
1177 1341 1318 1362 consue-

179 1391 262 1423 tudo
288 1391 322 1423 in
349 1391 567 1424 observandis
598 1391 680 1425 cibis
713 1391 952 1425 discretionem
977 1390 1088 1422 adhuc
1114 1390 1262 1434 aliquam
1287 1398 1318 1422 et

178 1451 431 1485 cunctationem
461 1453 631 1485 movebat.
679 1453 784 1485 Jubet
814 1465 893 1493 ergo
919 1465 1016 1491 eum,
1043 1451 1100 1495 qui
1124 1451 1169 1483 ita
1193 1451 1229 1483 in
1254 1452 1318 1484 hac

176 1513 245 1545 fide
268 1512 421 1546 infirmus
447 1523 509 1553 est,
540 1513 661 1546 assumi
685 1514 808 1555 magis,
847 1522 878 1546 et
901 1526 973 1546 non
998 1511 1110 1557 abjici,
1135 1525 1198 1545 nec
1223 1510 1318 1557 quasi

176 1573 351 1607 infidelem
381 1573 535 1620 judicari.
588 1575 694 1608 Aliud
727 1585 773 1609 est
797 1575 888 1609 enim
910 1575 1085 1608 infidelem
1113 1586 1202 1615 esse,
1225 1573 1315 1607 aliud

178 1699 239 1724 etc.
290 1690 359 1767 Sped
395 1691 517 1725 rectius
554 1692 638 1726 Msc.
677 1692 759 1734 Reg.
795 1706 888 1726 num.
928 1693 1025 1728 1639.
1061 1701 1098 1725 ut
1129 1691 1164 1725 in
1197 1700 1313 1725 nostro

177 1744 276 1770 textu.
334 1762 341 1769 .

272 1790 307 1835 Ι)
333 1791 434 1825 Rom.
459 1793 553 1833 XIV,
577 1795 607 1826 1.
631 1795 661 1828 2.
757 1793 795 1837 ²)
819 1792 909 1826 Edd.
934 1791 1093 1826 Merlini:
1119 1792 1217 1825 enim.

269 1846 307 1891 3)
331 1847 397 1880 Ed.
421 1848 470 1881 M.
494 1849 528 1881 I:
553 1850 681 1889 „olus,“
705 1850 755 1883 ed.
781 1848 829 1881 M.
855 1849 903 1881 II:
928 1849 1080 1888 ‚,holus.“

270 1901 307 1946 ⁴²)
332 1902 423 1935 Editi
446 1904 493 1947 (e.
520 1918 547 1938 c.
573 1906 648 1939 cdd.
673 1904 760 1949 M.):
784 1905 848 1944 „de
872 1904 952 1938 fidei
979 1903 1137 1937 firmitate
1168 1904 1313 1937 mentio-

177 1961 256 1981 nem
277 1948 378 1980 secit“
403 1957 461 1982 etc.
487 1949 526 1981 R.

272 2003 308 2047 6)
332 2003 434 2038 Rom.
454 2004 511 2046 IV,
536 2006 587 2040 19.

268 2061 305 2105 ⁶)
330 2060 421 2094 Editi
446 2061 493 2105 (v.
519 2076 544 2096 c.
570 2063 647 2095 edd.
671 2061 755 2105 M.):
781 2061 846 2100 „de
865 2060 1062 2094 infirmitate
1079 2059 1116 2093 in
1136 2058 1203 2091 fide
1220 2069 1313 2090 com-

177 2111 376 2140 memorat.“
420 2108 523 2140 Male.
548 2108 587 2140 R.

273 2162 309 2206 ⁷)
333 2162 389 2195 Sic
430 2171 518 2195 recte
555 2161 638 2195 Msc.
675 2162 754 2206 Reg.
794 2176 888 2196 num.
929 2162 1027 2197 1639·
1087 2157 1198 2192 Ceteri
1231 2168 1309 2190 vero

179 2207 257 2242 Mss.
283 2217 314 2240 et
337 2207 417 2240 editi
441 2209 488 2250 (ν.
506 2222 532 2240 c.
556 2209 632 2241 edd.
649 2207 733 2250 Μ.);
758 2208 870 2251 „Quia
886 2217 997 2254 potest
1013 2205 1170 2251 quidem“
1195 2212 1254 2235 etc.
1272 2201 1310 2233 R.

272 2262 309 2307 ⁸)
334 2263 425 2298 Editi
440 2266 487 2309 (v.
503 2278 530 2298 c.
547 2264 621 2298 edd.
638 2263 723 2307 Μ.);
749 2276 838 2305 „esse
853 2264 997 2297 credunt
1010 2263 1185 2297 adversus“
1196 2267 1255 2292 etc.
1272 2256 1309 2291 R.
