1377 2454
228 96 293 132 178
496 94 674 128 Omcmus
698 104 734 127 m
759 94 820 127 Er.
844 102 891 127 An
918 93 1097 128 Romwos

227 185 327 218 etiarn
354 197 392 216 ex
418 183 616 218 Gentibus.“
664 183 851 228 Superiora
877 183 966 216 enim
993 183 1088 228 quasi
1113 184 1155 215 de
1177 182 1367 223 Pharaone,

227 247 284 291 qui
308 246 371 279 suit
396 260 450 279 vas
474 246 555 285 irae,
579 255 610 278 et
634 247 676 278 de
700 245 776 278 filiis
801 245 913 284 Israel,
937 245 995 289 qui
1020 254 1115 278 erant
1138 258 1212 278 vasa
1236 245 1364 278 miseri-

227 309 383 347 cordiae,
414 317 613 352 prosecutus
651 307 791 340 videtur.
846 306 911 339 Hic
944 319 1023 348 ergo
1055 308 1149 351 quod
1178 305 1366 351 subjungit:

226 369 383 413 „quos¹)
419 378 449 401 et
473 368 604 401 vocavit
628 381 701 407 nos,
725 381 797 400 non
813 369 926 401 solum
948 381 985 400 ex
1007 368 1158 407 Judaeis,
1182 369 1240 401 sed
1266 367 1365 400 etiam

228 445 266 464 ex
293 431 507 465 Gentibust“
543 429 799 462 similitudinem
833 429 964 462 videtur
998 442 1184 468 assumere,
1221 430 1287 462 hoc
1312 438 1367 467 cst,

226 503 264 526 ut
286 493 331 526 ita
358 493 485 525 dictum
515 491 686 524 videatur:
718 491 802 523 sicut
834 501 865 523 et
894 504 957 524 nos
991 504 1106 524 sumus
1140 504 1213 524 vasa
1239 490 1368 524 miseri—

227 554 385 593 cordiae,
417 566 503 598 quos
539 552 672 585 vocavit
696 565 767 585 non
792 553 904 585 solum
931 565 969 584 ex
992 551 1152 591 Judaeis,
1183 554 1241 586 sed
1267 552 1366 584 etiam

229 630 266 649 cx
294 616 472 649 Gentibus.
520 615 625 653 Haec,
648 623 812 658 quantum
838 615 880 647 ad
898 614 1002 658 ipsius
1026 614 1214 658 Apostolici
1238 626 1367 646 sermo-

225 679 276 711 nis
302 679 459 711 ordinem
486 676 831 720 explanationemque
860 676 1045 707 verborum
1070 674 1236 719 pertinet,
1281 676 1368 707 dicta

225 740 300 773 sint.
346 740 446 772 Nunc
472 738 618 770 breviter
642 746 840 781 repetentes,
865 737 978 781 aliqua
1003 738 1101 769 etiam
1129 738 1170 769 de
1195 736 1367 768 intellectu

225 801 387 835 interiore
410 802 632 845 requiramus.
681 797 872 840 Quomodo
899 809 978 838 ergo
1003 797 1098 830 Deus
1123 806 1240 830 notam
1255 796 1291 840 ²)
1316 798 1365 829 fa-

227 864 271 897 cit
293 862 378 895 iram
404 861 524 895 suam?
544 861 610 893 Per
633 873 728 898 vasa,
752 859 880 902 inquit,
904 859 975 891 irae
1000 868 1111 903 aptata
1142 859 1176 890 in
1202 857 1368 903 perditio-

225 938 315 958 nem.
365 925 581 968 Obstupesco
608 934 668 962 ego
695 920 836 965 apud3)
862 929 987 952 memet
1009 920 1121 964 ipsum
1158 920 1264 952 sancti
1289 920 1368 964 Spi-

226 987 308 1019 ritus
340 985 519 1018 consilium
557 983 592 1015 in
626 982 746 1015 divinis
779 982 1010 1014 voluminibus
1048 990 1225 1014 contuens.
1279 981 1368 1013 Nam

226 1048 311 1081 iram
336 1048 474 1091 quidem
499 1044 577 1083 Dei,
598 1056 685 1087 quae
711 1052 756 1075 est
780 1056 798 1074 a
822 1052 944 1075 natura
971 1041 1040 1087 ejus
1058 1051 1226 1081 extranea,
1248 1051 1367 1075 notam

226 1109 300 1142 fieri
325 1107 522 1140 hominibus
548 1105 645 1143 dicit,
678 1104 764 1137 sicut
787 1116 944 1148 praesens
981 1104 1035 1136 hic
1060 1104 1217 1148 Apostoli
1242 1104 1369 1136 indicat

225 1172 339 1204 locus:
364 1167 554 1200 bonitatem
579 1179 659 1199 vero
688 1164 758 1211 ejus
785 1175 817 1197 et
844 1165 1080 1206 dulcedinem,
1109 1166 1205 1209 quod
1228 1174 1370 1198 naturae

227 1231 296 1279 ejus
321 1241 367 1264 est
390 1229 592 1275 proprium,
623 1227 789 1261 abscondi
815 1237 983 1260 memorat
1017 1237 1048 1259 et
1072 1227 1253 1266 occultari,
1285 1227 1370 1260 sicut

224 1294 338 1327 David
373 1293 469 1325 dicit:
507 1289 681 1335 ‚,quam⁴)
705 1301 826 1330 magna
858 1289 1043 1322 multitudo
1070 1288 1257 1322 dulcedinis
1282 1297 1369 1328 tuae,

226 1355 396 1393 Domine,
434 1365 536 1397 quam
574 1350 781 1384 abscondisti
811 1350 1010 1383 timentibus
1042 1349 1112 1383 te!“
1160 1350 1255 1393 Quid
1288 1363 1366 1392 crgo

226 1430 345 1451 causae
378 1416 544 1452 dicemus,
578 1413 673 1457 quod
697 1412 792 1444 Deus
826 1413 911 1444 iram
937 1411 1128 1445 manifestat
1159 1412 1367 1452 hominibus,

225 1490 257 1512 et
281 1476 498 1510 dulcedinem
525 1473 634 1506 celat?
683 1474 753 1506 Scit
775 1473 847 1506 sine
882 1473 990 1505 dubio
1016 1473 1134 1514 fragile
1159 1486 1228 1507 csse
1253 1474 1367 1507 homi—

224 1554 307 1573 num
335 1551 448 1579 genus,
473 1545 505 1568 et
529 1537 571 1568 ad
596 1536 728 1580 lapsum
753 1535 905 1579 proclive
931 1548 992 1579 per
1012 1535 1261 1575 negligentiam,
1292 1536 1366 1579 qui--

223 1604 286 1634 bus
313 1598 468 1644 expediat
498 1598 602 1638 magis
627 1609 695 1629 esse
719 1597 780 1629 sub
807 1605 898 1629 metu
923 1597 1010 1635 ime,
1043 1609 1145 1640 quam
1177 1610 1236 1640 spe
1270 1596 1366 1630 beni-

224 1663 356 1706 gnitatis
381 1661 447 1693 Dei
474 1669 505 1692 et
529 1658 718 1692 dulcedinis
750 1656 910 1695 relaxari,
934 1657 1020 1690 sicut
1045 1666 1076 1689 et
1102 1658 1273 1703 Sapientia
1299 1658 1366 1691 Dei

225 1726 322 1757 dicit:
348 1722 475 1768 „qui⁵)
509 1721 617 1766 parcit
649 1721 794 1759 baculo,
829 1718 901 1751 odit
933 1718 1042 1751 filium
1073 1724 1204 1752 suum.“
1256 1719 1315 1759 „Si
1329 1718 1364 1763 ⁶)

224 1787 312 1819 enim
346 1783 598 1829 percusseri57)
632 1796 709 1815 cum
746 1782 855 1821 virga,
898 1793 969 1812 non
1004 1780 1186 1814 morietur:
1217 1782 1364 1814 animam

321 1873 355 1913 ¹)
379 1874 482 1905 Rom.
507 1872 567 1912 IX,
589 1872 643 1904 24.
674 1891 710 1896 --
738 1870 826 1903 Edd.
853 1869 899 1901 M.
926 1869 949 1901 I.
976 1879 1007 1900 et
1032 1870 1072 1902 II.
1099 1870 1164 1902 hoc
1189 1870 1279 1908 loco,
1304 1871 1363 1902 cfr.

223 1935 257 1965 p.
284 1920 356 1955 177.
382 1927 453 1950 not.
479 1918 551 1956 1l.,
583 1918 659 1949 illa:
690 1929 798 1960 „quos
833 1923 864 1946 et
898 1915 1046 1954 vocavit,
1077 1928 1141 1947 nos
1175 1920 1268 1947 n0n“
1295 1924 1364 1954 etc„

225 1968 323 1998 haec:
350 1977 456 2007 „quos
482 1972 513 1994 et
536 1962 677 1995 vocavit.
703 1975 727 1993 s.
753 1973 827 1998 nos,
851 1965 944 1991 n0n“
970 1968 1029 1992 etc.

316 2019 353 2065 ²)
380 2018 470 2051 Editi
494 2019 541 2062 (V.
568 2031 594 2051 e.
621 2019 671 2050 cd.
696 2017 743 2049 M.
770 2015 847 2059 ll.):
874 2024 1013 2055 „notam
1037 2014 1166 2048 faciet.“
1195 2015 1234 2048 R.

315 2077 351 2118 ³)
377 2074 469 2108 Editi
495 2074 540 2119 (v.
568 2087 594 2105 c.
619 2075 695 2106 cdd.
722 2072 803 2115 M.):
829 2070 937 2110 „intra
962 2080 1087 2103 memet
1111 2072 1253 2116 ipsum.“
1279 2071 1316 2103 R.

315 2132 352 2177 4)
381 2131 500 2163 psalm.
525 2130 655 2168 XXXI,
680 2129 732 2162 19.
756 2126 909 2171 (XXX.)

315 2188 350 2231 ⁵)
376 2188 475 2220 Prov.
502 2186 594 2225 Xlll,
619 2185 673 2219 24.
768 2184 804 2227 ⁶)
830 2183 930 2216 Prov.
956 2184 1085 2223 XXIII,
1112 2184 1161 2218 13.
1186 2185 1240 2220 14,

316 2245 351 2289 ⁷)
378 2244 433 2277 Sic
467 2243 550 2275 Msc.
582 2255 686 2279 unus,
719 2250 750 2272 et
784 2240 953 2273 Rabanus.
1013 2239 1105 2274 Editi
1146 2252 1225 2272 vero
1258 2240 1305 2283 (e.
1331 2251 1357 2271 c.

220 2291 296 2324 edd.
321 2289 400 2333 M),
424 2298 455 2322 et
480 2287 581 2321 ceteri
606 2287 684 2320 Mss.
710 2285 964 2330 ‚‚percusserit.“
987 2285 1027 2318 R.
