1377 2454
181 80 226 115 40
452 79 630 113 Omemus
653 88 691 113 m
713 78 776 113 ΕΡ.
799 86 846 112 An
872 77 1050 111 Romanos

183 178 327 216 propter
347 178 568 215 peccatorum
593 168 681 210 vitia,
705 170 856 214 quaelex
869 169 937 208 illa,
962 179 1049 213 quae
1068 174 1138 200 erat
1157 165 1192 200 in
1210 178 1318 199 mem-

184 232 253 267 bris
278 232 417 273 nostris,
442 233 568 272 alebat,
593 231 677 276 ut¹)
708 231 952 264 fructificarent
974 228 1095 269 morti,
1123 242 1196 262 non
1220 237 1320 273 pote-

182 307 297 327 ramus
314 293 437 327 servire
454 293 593 326 novitati
611 292 758 337 spiritus,
775 294 857 325 dum
872 291 929 324 illa
949 292 1001 324 lex
1017 291 1253 323 membrorum
1271 289 1320 323 vi-

184 356 285 388 vebat
315 355 351 388 in
384 355 502 396 nobis,
533 356 623 395 imo,
658 356 740 388 dum
771 367 835 386 nos
857 354 1044 387 secundum
1068 354 1161 386 illam
1183 353 1320 387 viveba-

183 429 269 451 mus.
313 417 384 450 Ubi
414 430 494 450 vero
522 416 674 450 Christus
704 430 768 462 pro
804 415 903 449 nobis
927 425 1083 448 mortuus
1109 424 1172 455 est,
1201 425 1233 448 et
1255 429 1319 449 nos

186 491 264 510 cum
298 478 373 523 ipso
404 478 533 512 mortui
570 493 685 512 sumus
716 487 876 523 peccato,
907 477 1088 521 liberati2)
1111 491 1226 510 sumus
1256 490 1320 522 per

184 536 295 583 ipsum
321 554 338 573 a
362 540 435 582 lege
458 539 607 584 peccati,
637 540 672 572 in
705 553 771 584 qua
803 539 1057 578 detinebamur,
1087 539 1167 583 et3)
1198 552 1321 583 possu-

183 613 259 634 mus
284 599 350 646 jam
367 600 403 646 ⁴)
435 601 557 634 servire
589 601 654 643 legi
684 601 769 640 Dei,
797 601 920 634 servire
953 610 1064 633 autem
1100 599 1135 632 in
1169 599 1319 632 novitate

181 661 337 706 spiritus,
369 676 442 696 non
466 664 502 696 in
526 672 686 697 vetustate
708 663 834 696 literae.
881 663 961 695 Non
987 662 1077 695 enim
1102 661 1232 694 idcirco
1256 674 1319 694 nos

184 722 337 758 Christus
368 725 526 758 abstraxit
556 739 574 758 a
606 726 677 766 lege
701 725 849 769 peccati,
873 734 910 757 ut
933 723 1087 757 vetustati
1109 723 1227 756 literae
1250 736 1320 756 ser-

181 785 321 826 viamus,
345 786 380 820 id
405 797 461 828 est,
485 796 522 819 ut
546 786 838 820 circumcisionem
863 786 1084 831 recipiamus,
1115 794 1146 818 et
1168 785 1320 824 sabbata,

181 848 233 880 vel
258 857 400 888 caetera,
423 862 509 893 quae
531 858 674 882 vetustas
699 850 778 890 legis
801 848 916 881 literae
932 847 1101 881 continet:
1126 847 1185 881 sed
1208 856 1246 880 ut
1268 848 1317 879 le-

183 920 257 950 gem
281 909 348 942 Dei
371 910 406 943 in
431 911 566 955 spiritus
590 911 740 944 novitate
762 924 948 949 servemus,
984 909 1020 942 id
1045 918 1109 949 est,
1144 923 1182 942 ex
1207 909 1320 942 omui-

182 970 257 1010 bus,
280 984 367 1015 quae
391 971 425 1004 in
451 985 488 1005 ea
518 972 642 1016 scripta
666 981 761 1012 sunt,
794 972 1003 1016 spiritualem
1029 984 1162 1004 sensum
1189 970 1318 1015 Spiritu

182 1032 336 1065 donante
361 1034 543 1078 capiamus,
565 1033 650 1066 sicut
675 1043 706 1066 et
730 1033 820 1066 idem
847 1033 1032 1077 Apostolus
1064 1033 1100 1065 in
1130 1033 1202 1066 aliis
1228 1032 1317 1073 dicit,

182 1092 309 1138 quia5)
335 1096 508 1134 „velamen
534 1104 580 1127 est
592 1094 627 1138 ⁵)
652 1094 800 1138 positum
826 1095 861 1127 in
887 1095 972 1127 facie
996 1094 1118 1128 Mosis:
1155 1108 1233 1128 cum
1258 1108 1318 1128 au-

181 1164 251 1188 tem
275 1169 456 1189 conversus
480 1157 581 1189 suerit
612 1157 685 1201 quis
718 1159 761 1190 ad
786 1156 995 1196 Dominum,
1027 1157 1198 1190 auferetur
1227 1157 1318 1190 vela-

179 1231 271 1250 men.
327 1219 500 1252 Dominus
539 1218 628 1251 enim
659 1218 793 1263 spiritus
832 1227 887 1252 est.
941 1218 1011 1251 Ubi
1037 1227 1149 1251 autem
1183 1217 1319 1263 spiritus

182 1279 336 1320 Domini,
360 1280 407 1313 ibi
432 1280 599 1313 libertas.“
641 1280 833 1313 Novitatem
857 1292 937 1313 sane
959 1279 1094 1323 spiritus
1118 1279 1188 1313 scio
1214 1293 1317 1325 quos·

182 1341 261 1373 dam
286 1342 421 1385 male7)
446 1342 664 1382 intelligentes
688 1342 769 1373 illue
793 1341 938 1380 traxisse,
962 1340 1047 1384 utss)
1080 1341 1231 1374 dicerent
1253 1355 1319 1375 no·

180 1415 259 1434 vum
286 1416 354 1435 esse
368 1403 404 1447 ⁹)
429 1403 613 1448 Spiritum,
643 1413 805 1447 tanquam
841 1403 898 1446 qui
923 1413 999 1435 aute
1023 1416 1095 1435 non
1119 1403 1230 1443 fuerit,
1253 1417 1318 1437 nee

180 1464 348 1498 veteribus
370 1465 571 1498 innotuerit:
595 1474 624 1497 et
648 1465 802 1498 nesciunt
824 1477 858 1497 se
877 1464 912 1496 in
933 1465 999 1498 hoc
1015 1465 1205 1507 gravissime
1228 1466 1318 1500 blas-

182 1527 355 1570 phemare.
401 1526 478 1571 Ipse
509 1527 598 1559 enim
624 1526 769 1571 Spiritus
802 1537 847 1559 est
871 1527 905 1559 in
929 1528 1017 1569 lege,
1050 1527 1122 1572 ipse
1144 1527 1179 1559 in
1204 1528 1318 1560 Evan-

182 1587 281 1629 gelio,
305 1588 377 1633 ipse
400 1601 535 1633 semper
559 1603 636 1621 cum
661 1588 763 1621 Patre
787 1598 820 1621 et
843 1589 932 1622 Filio
959 1598 1024 1629 est,
1049 1598 1080 1622 et
1102 1602 1238 1634 semper
1261 1598 1318 1630 est,

278 1683 311 1727 ι)
336 1683 428 1716 Editi
453 1684 501 1727 (v.
528 1697 554 1716 c.
580 1685 655 1716 cdd.
678 1683 766 1736 M).³
791 1693 847 1723 „ut
867 1683 1085 1717 fructificaret
1106 1684 1218 1723 morti,
1241 1697 1316 1717 non

178 1738 375 1773 poteramus
399 1729 523 1761 servire
547 1729 685 1762 novitati
709 1729 843 1773 spiritus
867 1729 1028 1762 Domini:
1052 1730 1108 1762 illa
1133 1730 1184 1761 lex
1207 1742 1316 1762 mem-

178 1775 322 1806 brorum
345 1793 391 1798 —
412 1774 447 1805 in
472 1774 616 1812 nobis,
607 1788 641 1806 m
665 1776 820 1813 modum,
844 1788 912 1818 quo
938 1779 1021 1807 nos“
1047 1783 1105 1807 etc.
1131 1774 1171 1807 R.

272 1829 309 1875 2)
334 1829 427 1862 Editi
451 1831 497 1874 (v.
526 1844 553 1863 c.
579 1832 654 1863 edd.
681 1829 767 1874 M.):
792 1829 912 1871 „liberi
935 1835 1082 1863 sumus.“
1106 1831 1145 1863 Ρι.

272 1887 308 1931 3)
329 1886 412 1919 Msc.
443 1900 530 1919 unus
563 1897 594 1919 et
626 1887 802 1919 Rabanus:
834 1891 1064 1930 ,‚possumus.“
1104 1887 1198 1920 Alter
1229 1886 1313 1921 Msc.

179 1931 311 2032 (iterndtJ).
332 1933 412 2021 {13³3
437 1931 604 2020 {ixl-”lit
628 1932 826 1995 possimusf‘
852 1932 891 1963 R.

414 2014 420 2020 .
466 1998 468 2003 '
487 2001 522 2020 er
537 2002 601 2020 ml:
625 2000 746 2021 servire
769 2001 848 2031 pnn-

272 2044 308 2089 5)
332 2044 396 2077 Ed.
420 2045 468 2076 M.
494 2044 541 2076 Il:
566 2046 671 2089 quod.
698 2064 739 2068 —
766 2042 834 2076 Cfr.
862 2043 893 2075 II
911 2042 990 2076 Cor.
1015 2044 1074 2084 III,
1103 2045 1154 2080 15.
1181 2044 1233 2081 16.
1259 2045 1312 2080 17.

271 2100 309 2144 6)
333 2099 420 2133 Edd.
444 2101 603 2133 Merlini:
628 2101 775 2145 positum
801 2109 856 2134 est.

270 2155 306 2200 ⁷)
331 2156 436 2189 Deest
450 2157 589 2190 inlibris
604 2166 699 2189 antea
717 2155 811 2188 editis
826 2155 873 2199 (v.
886 2168 913 2188 c.
925 2156 1000 2189 edd.
1016 2155 1100 2200 M.):
1117 2156 1256 2196 „male.“
1271 2154 1312 2188 R.

269 2212 307 2256 ⁸)
332 2212 422 2245 Editi
447 2213 494 2257 (v.
519 2225 545 2244 c.
571 2212 646 2245 edd.
672 2211 760 2255 M.):
787 2211 868 2251 „ubi
895 2212 1076 2247 dicerent.“
1099 2211 1139 2246 R.

273 2268 309 2313 9)
333 2268 422 2303 Edd.
447 2268 605 2304 Merlini:
628 2268 783 2314 spiritum
809 2281 886 2304 esse.
