1320 2444
1307 0 1310 25 1

1310 59 1311 78 1

163 66 232 102 312
434 65 611 100 Omenms
634 76 671 101 m
694 66 756 100 Ep,
779 74 827 101 An
854 67 1032 115 Romanos
1310 102 1312 119 ,

167 155 242 189 dire
265 164 459 200 proponat,
482 170 555 190 non
585 166 697 202 potest
721 170 795 190 eam
819 166 893 191 tuto
917 172 1059 199 servare,
1091 158 1155 194 nisi
1182 157 1314 193 odium&

168 218 345 261 quoddam
371 227 402 250 et
426 218 687 252 exsecrationem
713 221 890 253 adversum
906 220 1153 266 impudicitiam
1180 230 1316 254 sumat..

166 278 327 312 Difficilis
353 277 460 320 enim,
493 289 524 313 et
556 281 653 314 valde
678 280 823 314 difficilis
848 291 895 314 est
917 282 975 315 illa
999 281 1217 322 continentia,
1240 279 1318 340 ubil

168 340 378 374 desideratur
417 343 520 381 illud,
556 355 573 375 a
600 355 668 386 quo
694 342 898 382 abstinetur,
935 352 967 376 et
1000 343 1166 388 cupiditas
1198 342 1320 395 animit

167 402 242 434 solo
267 412 360 436 metu
384 404 489 437 futuri
512 402 630 449 judicii
654 406 852 438 refrenatur.
889 403 1083 437 Periculosa
1105 404 1200 444 haec,
1223 396 1320 447 et¹)l

168 464 266 496 valde
289 463 481 508 periculosa
504 475 592 506 sunt,
621 466 684 499 nisi
720 466 909 498 secundum
941 464 1121 498 consilium
1146 464 1320 510 Apostoli³

169 524 371 571 odientes²>
395 528 502 567 mala,
530 537 561 560 et
582 527 750 572 impacata
775 528 1038 572 quodammodo
1064 527 1242 560 adversum
1267 539 1307 559 ea

173 586 333 620 odiorum
368 589 457 621 bella
489 599 704 634 peragentes,
734 589 781 622 sic
811 590 1052 622 adhaereamus
1076 589 1183 621 hono.
1230 588 1306 622 Ob-

168 651 371 683 servandum
385 651 484 684 etiam
510 651 588 691 hoc,
602 653 694 695 quod
714 651 800 684 sicut
819 651 853 684 in
873 651 946 685 aliis
970 648 1068 683 dicit:
1092 649 1220 694 „qul³)
1246 650 1306 682 ad-

171 709 287 743 haeret
311 712 477 752 Domiuo,
502 726 589 746 unus
615 713 751 758 spiritus
776 717 868 746 est:“
901 712 946 745 ita
979 721 1010 745 et
1038 712 1093 745 hic
1117 710 1213 744 dicit:
1247 712 1307 744 ad-

171 772 369 806 haereamus
382 772 418 818 4)
442 776 559 815 bono,
582 774 654 807 sine
680 774 786 807 dubio
812 783 848 807 ut
873 774 1045 816 contingat
1071 773 1172 806 nobis
1197 786 1307 806 unum

171 845 239 865 esse
265 847 341 867 cum
367 836 474 868 bono.

237 895 268 928 6.
288 895 494 936 „Caritatem
510 898 545 941 ⁵)
562 897 778 931 fraternitatis
793 897 937 931 invicem
953 897 1158 940 diligentes.“
1183 896 1261 929 Hoc
1273 895 1310 940 ⁶)

172 958 383 998 mandatum,
403 968 441 992 ut
464 959 642 1001 diligamus
656 959 809 999 invicem,
825 959 909 992 sicut
934 968 966 991 et
987 959 1081 991 Deus
1103 957 1217 992 dilexit
1234 971 1310 997 nos,

173 1032 251 1050 cum
276 1019 317 1052 sit
340 1020 488 1064 primum
514 1030 592 1065 post
626 1021 797 1065 primum,
829 1039 874 1045 -—
903 1019 1054 1065 primum
1090 1032 1240 1063 namque
1264 1028 1311 1052 est

174 1080 313 1122 diligere
337 1081 469 1122 Deum3
495 1091 526 1115 et
548 1081 637 1116 inter
660 1082 816 1116 homines
841 1082 960 1115 iterum
986 1082 1053 1114 hoe
1078 1081 1228 1126 primum
1254 1089 1311 1120 est,

173 1150 211 1173 ut
233 1142 377 1176 invicem
405 1143 580 1186 diligamus
606 1164 667 1184 -,
689 1145 804 1177 nescio
830 1145 1009 1189 quomodo
1035 1142 1130 1188 quasi
1153 1142 1311 1175 ultimum

173 1213 205 1236 et
230 1205 339 1239 minus
364 1205 589 1238 necessarium
612 1206 700 1239 inter
724 1206 880 1239 homines
900 1202 1088 1250 spernitur,
1125 1213 1156 1237 et
1181 1204 1311 1242 odium,

175 1268 270 1310 quod
302 1266 402 1300 nobis
425 1267 563 1300 insitum
597 1281 666 1301 esse
698 1268 841 1301 diximus
873 1268 917 1300 ad
942 1267 1027 1306 lioc,
1053 1275 1090 1299 ut
1113 1266 1202 1298 mala
1228 1265 1310 1298 odio

174 1328 370 1368 habeamus,
396 1339 616 1374 praepostero
644 1329 766 1362 ordine
790 1342 980 1362 exercemus
1012 1327 1046 1360 in
1061 1327 1096 1371 ⁷)
1129 1328 1247 1366 bonis,
1281 1335 1312 1359 et

174 1388 251 1421 vitia
278 1389 385 1424 carnis
411 1404 448 1424 ac
474 1401 611 1435 peccata
638 1391 812 1433 diligentes
835 1389 1001 1432 fratress)
1033 1389 1114 1422 odio
1140 1390 1313 1421 habemus.

174 1451 246 1483 Nec
277 1452 373 1484 aliter
406 1452 527 1486 accidit
562 1452 670 1486 odisse
693 1465 757 1486 nos
781 1464 867 1496 quae
880 1451 916 1495 ⁹)
953 1464 1024 1484 non
1058 1458 1214 1494 oportet,
1249 1448 1312 1482 nisi

271 1612 305 1657 ¹)
329 1613 433 1647 Deest
457 1618 531 1654 „et“
553 1614 589 1647 in
613 1615 689 1647 edd.
717 1614 764 1646 M.

268 1673 305 1718 ²)
328 1675 420 1708 Editi
445 1676 491 1719 (v.
517 1690 544 1709 c.
570 1677 646 1709 edd.
671 1675 757 1720 M.):
794 1674 969 1715 „odientes
998 1673 1144 1712 malum,
1178 1681 1210 1704 et
1233 1684 1313 1716 pec-

176 1728 267 1758 cata,
298 1729 329 1752 ct
361 1722 621 1765 quodammodo
647 1740 689 1746 —
714 1729 925 1764 peragentes,
959 1720 1222 1752 adhaereamus‘*
1252 1726 1312 1749 etc.

174 1763 352 1799 Rabanus:
385 1766 441 1806 „in
469 1771 649 1810 peccata,“
679 1780 764 1810 pro:
794 1765 1015 1810 ‚‚impacata.“
1068 1763 1206 1796 Deinde
1229 1762 1312 1796 Msc.

174 1808 254 1851 Ilcg.
280 1824 372 1843 num.
397 1812 494 1846 1639.
519 1813 612 1845 addit
636 1812 724 1853 „sic“
749 1821 824 1844 ante
849 1811 1147 1849 „adliacrcanms.“
1170 1807 1210 1840 R.

266 1871 303 1914 3)
329 1872 343 1903 1
370 1871 449 1906 cor.
474 1873 531 1913 v1‚
550 1872 606 1907 17.
703 1871 735 1915 ⁴)
763 1871 831 1905 cfr.
855 1871 957 1904 Rom.
982 1870 1060 1911 XII,
1083 1870 1114 1903 9.

267 1931 302 1977 5)
329 1933 431 1966 Rom.
456 1935 532 1974 ΧΠ,
558 1937 612 1969 10.

269 1995 305 2038 fi)
330 1995 417 2028 Edd.
444 1996 598 2029 Merlini:
624 1995 700 2028 Hoc
727 2004 773 2029 est
794 1995 992 2028 mandatum
1019 2001 1078 2026 etc.
1104 2012 1145 2018 -—·
1168 1992 1240 2025 Cfr.
1264 2004 1309 2024 εν.

174 2039 300 2073 Joann.
327 2041 402 2080 XV,
429 2041 479 2074 12.

269 2101 305 2146 ⁷)
332 2101 388 2134 Sic
422 2112 510 2135 recte
534 2102 706 2140 Rabanus‚
732 2111 763 2134 et
788 2100 866 2133 editi
891 2101 940 2144 (v.
966 2114 993 2132 c.
1012 2100 1063 2132 ed.
1083 2098 1133 2130 Μ.
1151 2097 1204 2141 I.).
1233 2097 1311 2130 Mss.

175 2159 254 2179 vero
279 2147 404 2180 nostri:
432 2148 485 2188 „in
510 2147 640 2180 nobis,“
670 2147 708 2178 R.
735 2165 774 2172 --
800 2146 864 2180 Ed.
890 2146 938 2178 M.
963 2145 1009 2178 ll:
1035 2145 1091 2185 „in
1116 2145 1259 2177 bonos.“

269 2208 307 2252 Β)
330 2209 417 2242 Edd.
445 2207 600 2241 Mei-lini:
626 2208 772 2241 fratrem.

265 2269 301 2314 ⁹)
327 2270 417 2303 Editi
441 2274 489 2314 (v.
517 2284 543 2304 c.
571 2270 645 2303 edd.
672 2269 757 2313 M.):
783 2282 905 2313 „quem
931 2280 1003 2302 non
1029 2269 1192 2312 oportet.“
1216 2264 1256 2298 R.
