1320 2444
161 75 230 110 270
432 73 609 107 Ommzms
632 83 669 108 m
693 73 755 107 ΕΡ.
779 83 826 108 An
852 73 1032 109 Rommos

162 166 190 200 si
216 165 273 211 qui
296 166 386 198 forte
409 164 508 198 amici
534 164 605 209 ejus
629 173 725 204 sunt,
756 165 799 197 ad
825 178 910 210 quos
934 165 1041 199 dicat:
1064 165 1152 212 „jam
1168 166 1199 210 ¹)
1225 158 1317 205 non}

164 227 274 261 dicam
300 241 360 260 vos
383 239 506 266 servos,
529 227 587 259 sed
612 227 747 267 amicos,
773 226 851 272 quia
869 236 952 260 nota
964 227 1059 261 vobis
1083 228 1146 261 feci
1173 228 1299 269 omnia,

165 302 251 333 quae
275 288 387 322 audivi
421 302 439 321 a
469 289 601 321 Patre.“
656 289 732 321 Hoc
764 298 879 322 tamen
908 299 1021 334 potest
1054 289 1153 323 etiam
1177 300 1297 323 nostro

162 351 275 384 sensui
300 364 488 389 occurrere,
522 351 633 395 quod,
665 350 749 383 sicut
773 351 894 390 Israel,
929 351 1092 396 quamdiu
1121 361 1299 396 permanet

163 414 352 446 secundum
385 426 519 445 carnem
552 413 671 452 Israel,
704 422 736 445 et
766 426 838 445 non
863 412 963 445 etiam
987 414 1174 446 secundum
1198 413 1297 458 spiri-

161 484 233 507 tum
259 476 366 507 sactus
390 474 492 507 fuerit
517 474 663 506 Israelita
688 488 785 507 verus
810 484 923 507 mente
940 474 1054 508 videns
1069 475 1195 514 Deum,
1218 488 1297 519 per-

160 535 316 579 tinere2)
341 549 412 567 non
436 544 548 580 potest
576 537 619 568 ad
653 536 811 569 salutem:
841 536 889 569 -ita
919 550 982 569 nec
1007 536 1133 569 Gentes
1159 536 1298 580 quidem

163 610 280 629 omnes
307 597 448 629 omnino
473 596 592 629 salvari
615 607 775 641 possunt,
799 597 862 630 nisi
889 611 975 642 quae
998 597 1085 631 intra
1112 597 1297 642 plenitudi-

160 673 239 692 nem
264 659 391 692 fuerint
414 669 576 704 repertae,
603 672 826 704 quaecunque
849 659 907 692 illa
932 669 996 700 est,
1022 672 1108 704 quae
1132 660 1174 691 ab
1201 660 1297 703 Apo-

160 722 249 754 stolo
281 721 461 764 plenitudo
475 721 511 765 3)
544 721 750 754 nominatur.
808 721 856 754 Ita
891 735 969 764 ergo
1001 721 1198 768 mysterium
1231 720 1297 754 Dei

159 783 325 816 ineffabili
351 783 497 827 quadam
527 783 708 827 sapientiae
740 781 810 827 ejus
843 782 1091 826 dispensatione
1125 792 1297 822 tractatur,

161 855 199 878 ut
225 845 322 877 etiam
363 858 439 877 cum
464 844 527 877 sibi
559 845 668 877 anima
700 854 823 877 sortem
857 846 1029 878 malorum
1060 845 1131 889 ipsa
1166 844 1297 877 consci—

158 906 259 946 verit,
298 906 372 945 ille,
416 906 473 950 qui
511 906 654 950 novit4)
697 906 849 940 universa
888 906 1086 951 disponere,
1131 905 1294 951 abjectio-

158 982 237 1001 nem
269 967 340 1013 ejus
367 977 398 1000 et
427 980 574 1011 poenam
611 967 756 1000 aliorum
780 968 880 1001 faciat
903 969 1056 1001 salutem.
1103 969 1172 1002 Sed
1198 977 1230 1000 et
1254 967 1296 1000 il-

159 1031 220 1063 lud
245 1029 378 1062 videtur
409 1028 492 1061 mihi
523 1029 558 1061 in
582 1030 648 1061 hoc
663 1029 697 1074 ⁵)
730 1030 807 1062 loco
835 1030 1025 1072 diligentius
1050 1031 1296 1070 contuendum,

159 1093 253 1137 quod
279 1091 472 1124 caecitatem
496 1090 594 1123 istam
626 1105 696 1123 non
730 1091 811 1124 dicit
843 1091 937 1124 omni
967 1092 1070 1125 Israel
1105 1091 1295 1136 contigisse,

157 1155 217 1187 sed
241 1167 301 1193 „ex
315 1153 350 1197 6>
374 1157 499 1197 parte,“
544 1152 742 1197 „Reliquiae
757 1154 791 1197 ⁷)
828 1153 919 1186 enim
944 1157 1130 1187 secundum
1157 1153 1295 1186 electio-

156 1230 237 1249 nem
262 1215 385 1258 gratiae
409 1215 518 1247 salvae
554 1216 660 1247 sactae
692 1220 801 1248 sunt.“
847 1216 902 1248 De
934 1215 1056 1260 quibus
1088 1215 1237 1260 reliquiis
1264 1224 1296 1248 et

157 1278 271 1311 Esaias
295 1278 571 1321 prophetaverat,
607 1277 738 1310 dicens:
772 1276 905 1322 „nisi⁸)
939 1277 1110 1310 Dominus
1143 1278 1295 1311 Sabaoth

157 1340 347 1384 reliquisset
370 1337 469 1371 nobis
493 1342 640 1372 semen.“
688 1338 773 1372 Istae
799 1352 877 1381 ergo
903 1338 1065 1383 reliquiae
1087 1338 1122 1371 in
1147 1338 1293 1371 beatitu-

158 1402 237 1435 dine
262 1402 486 1433 conseruntur
510 1413 587 1432 cum
611 1398 822 1444 plenitudine
855 1399 1034 1433 Gentium:
1069 1400 1169 1433 ceteri
1202 1413 1293 1440 vero,

159 1462 218 1508 qui
245 1461 408 1495 excaecati
440 1470 518 1493 sunt
551 1474 589 1494 ex
621 1462 741 1501 Israel,
775 1463 999 1494 conferuntur
1030 1461 1079 1494 his
1115 1461 1294 1502 Gentibus,

159 1538 246 1569 quae
276 1537 347 1556 non
377 1532 563 1567 potuerunt
594 1523 635 1555 ad
666 1522 913 1567 plenitudinem
946 1523 1131 1567 pervenire.
1186 1524 1242 1557 Sic
1255 1523 1292 1567 ⁹)

158 1600 237 1629 ergo
265 1599 350 1630 quae
373 1585 590 1617 inveniuntur
614 1584 649 1617 in
673 1585 886 1618 sermonibus
909 1586 1155 1630 prophetarum
1172 1586 1214 1618 de
1239 1598 1291 1618 re-

256 1702 290 1746 ¹)
314 1702 374 1734 Ev.
400 1701 525 1733 Joann.
551 1701 628 1741 XV,
654 1702 706 1736 15.

251 1758 288 1801 ²)
314 1756 405 1789 Editi
431 1757 477 1801 (v.
503 1770 530 1790 c.
557 1758 632 1791 edd.
660 1756 745 1802 M.:)
777 1757 1016 1801 ,‚pertingere,“
1053 1765 1086 1788 et
1108 1755 1154 1789 ita
1178 1756 1291 1798 legen-

156 1804 239 1836 dum
264 1802 414 1835 videtur:
440 1803 600 1835 Rabanus
624 1816 716 1843 vero,
741 1812 774 1835 et
795 1802 1006 1837 RIss.n0st1i
1032 1815 1166 1835 omnes:
1192 1815 1290 1846 „per-

156 1849 273 1882 tinere.
277 1853 296 1867 “
319 1848 359 1880 R.

250 1905 287 1949 3)
311 1904 416 1936 Deest
428 1903 462 1935 in
475 1912 571 1936 antea
587 1902 682 1936 editis
697 1902 742 1947 (e.
758 1916 783 1936 c.
801 1903 877 1935 edd.
896 1902 982 1947 Md)
1007 1901 1239 1948 „plenitudo.“
1249 1901 1290 1934 R.

248 1961 285 2006 ¹²)
310 1960 373 1992 Ed.
398 1959 446 1992 Μ.
471 1960 504 1991 I:
529 1958 670 1991 noverit.

250 2017 285 2062 ⁵)
311 2017 415 2049 Deest
439 2017 548 2056 ‚‚hoc“
571 2015 607 2047 in
632 2014 727 2047 editis
752 2016 799 2059 (e.
825 2028 850 2049 c.
879 2015 955 2049 edd.
984 2015 1064 2060 M),
1089 2024 1121 2047 et
1144 2013 1287 2047 restitui-

156 2073 212 2096 tur
235 2076 273 2095 ex
298 2063 432 2094 duobus
458 2062 537 2095 Mss.
561 2061 602 2093 R.

248 2118 284 2162 ⁶)
308 2120 408 2151 Rom.
433 2118 493 2157 XI,
516 2117 569 2152 25.
663 2115 698 2159 ⁷)
722 2116 822 2148 Rom.
847 2115 908 2155 XI,
932 2115 964 2148 5.
989 2115 1066 2148 coll.
1092 2115 1151 2155 IX,
1175 2115 1227 2149 27.

249 2175 286 2219 ⁸)
310 2174 410 2208 Jesai.
443 2174 469 2213 I,
501 2174 531 2207 9.
563 2173 640 2205 coll.
671 2172 773 2205 Rom.
805 2171 866 2211 IX,
901 2171 955 2206 29.
987 2191 1028 2196 ——
1057 2171 1120 2203 Ed.
1154 2170 1202 2203 M.
1236 2170 1287 2201 II:

155 2233 290 2262 „semen
316 2230 376 2252 etc.
423 2220 530 2252 lstae“
555 2227 615 2251 etc.

249 2277 286 2322 ⁹)
309 2275 403 2311 Editi
426 2276 472 2320 (e.
499 2288 525 2309 c.
549 2275 625 2309 edd.
648 2272 734 2318 M.:)
759 2272 818 2315 „Si
843 2277 943 2316 e1·g0“
968 2281 1028 2307 etc.
1051 2272 1091 2305 R.
