<?xml version="1.0" encoding="UTF-8"?>
<!DOCTYPE html PUBLIC "-//W3C//DTD XHTML 1.0 Transitional//EN"
    "http://www.w3.org/TR/xhtml1/DTD/xhtml1-transitional.dtd">
<html xmlns="http://www.w3.org/1999/xhtml" xml:lang="en" lang="en">
 <head>
  <title>
</title>
<meta http-equiv="Content-Type" content="text/html;charset=utf-8" />
  <meta name='ocr-system' content='tesseract 3.04.00' />
  <meta name='ocr-capabilities' content='ocr_page ocr_carea ocr_par ocr_line ocrx_word'/>
</head>
<body>
  <div class='ocr_page' id='page_1' title='image "./operaomniaquaegr07orig_0395.png"; bbox 0 0 1320 2444; ppageno 0'>
   <div class='ocr_carea' id='block_1_1' title="bbox 330 62 1155 99">
    <p class='ocr_par' dir='ltr' id='par_1_1' title="bbox 330 62 1155 99">
     <span class='ocr_line' id='line_1_1' title="bbox 330 62 1155 99; baseline -0.002 0"><span class='ocrx_word' id='word_1_1' title='bbox 330 65 681 99; x_wconf 76' lang='lat' dir='ltr'>COMMENTAMORUM</span> <span class='ocrx_word' id='word_1_2' title='bbox 704 63 777 96; x_wconf 77' lang='lat' dir='ltr'>Lm.</span> <span class='ocrx_word' id='word_1_3' title='bbox 800 62 844 96; x_wconf 89' lang='lat' dir='ltr'>X.</span> <span class='ocrx_word' id='word_1_4' title='bbox 1087 63 1155 98; x_wconf 81' lang='lat'>377</span> 
     </span>
    </p>
   </div>
   <div class='ocr_carea' id='block_1_2' title="bbox 24 151 1164 1245">
    <p class='ocr_par' dir='ltr' id='par_1_2' title="bbox 24 151 1164 1184">
     <span class='ocr_line' id='line_1_2' title="bbox 25 151 1156 200; baseline -0.004 -9"><span class='ocrx_word' id='word_1_5' title='bbox 25 167 136 191; x_wconf 83' lang='lat' dir='ltr'>tamen</span> <span class='ocrx_word' id='word_1_6' title='bbox 161 155 258 188; x_wconf 81' lang='lat' dir='ltr'>etiam</span> <span class='ocrx_word' id='word_1_7' title='bbox 283 154 331 188; x_wconf 84' lang='lat' dir='ltr'>ibi</span> <span class='ocrx_word' id='word_1_8' title='bbox 354 154 517 200; x_wconf 88' lang='lat' dir='ltr'>scriptum</span> <span class='ocrx_word' id='word_1_9' title='bbox 542 163 596 187; x_wconf 91' lang='lat' dir='ltr'>est.</span> <span class='ocrx_word' id='word_1_10' title='bbox 657 153 697 186; x_wconf 86' lang='lat' dir='ltr'>In</span> <span class='ocrx_word' id='word_1_11' title='bbox 722 166 791 198; x_wconf 88' lang='lat' dir='ltr'>quo</span> <span class='ocrx_word' id='word_1_12' title='bbox 816 151 932 196; x_wconf 86' lang='lat' dir='ltr'><strong>hoc¹)</strong></span> <span class='ocrx_word' id='word_1_13' title='bbox 955 151 1039 185; x_wconf 80' lang='lat' dir='ltr'>mihi</span> <span class='ocrx_word' id='word_1_14' title='bbox 1062 153 1156 186; x_wconf 88' lang='lat' dir='ltr'>vide-</span> 
     </span>
     <span class='ocr_line' id='line_1_3' title="bbox 26 214 1157 262; baseline -0.005 -10"><span class='ocrx_word' id='word_1_15' title='bbox 26 229 80 253; x_wconf 88' lang='lat' dir='ltr'>tur</span> <span class='ocrx_word' id='word_1_16' title='bbox 103 217 251 251; x_wconf 82' lang='lat' dir='ltr'>ostendi:</span> <span class='ocrx_word' id='word_1_17' title='bbox 277 217 440 262; x_wconf 87' lang='lat' dir='ltr'>quoniam</span> <span class='ocrx_word' id='word_1_18' title='bbox 461 216 598 261; x_wconf 83' lang='lat' dir='ltr'>quidem</span> <span class='ocrx_word' id='word_1_19' title='bbox 623 228 642 248; x_wconf 85' lang='lat' dir='ltr'>a</span> <span class='ocrx_word' id='word_1_20' title='bbox 663 215 789 255; x_wconf 83' lang='lat' dir='ltr'>multis,</span> <span class='ocrx_word' id='word_1_21' title='bbox 811 214 981 260; x_wconf 76' lang='lat' dir='ltr'>inquit‚2)</span> <span class='ocrx_word' id='word_1_22' title='bbox 1006 214 1157 259; x_wconf 86' lang='lat' dir='ltr'>inquiete</span> 
     </span>
     <span class='ocr_line' id='line_1_4' title="bbox 28 276 1157 322; baseline -0.004 -10"><span class='ocrx_word' id='word_1_23' title='bbox 28 289 59 313; x_wconf 86' lang='lat' dir='ltr'>et</span> <span class='ocrx_word' id='word_1_24' title='bbox 80 279 263 312; x_wconf 77' lang='lat' dir='ltr'>insolenter</span> <span class='ocrx_word' id='word_1_25' title='bbox 289 278 463 320; x_wconf 79' lang='lat' dir='ltr'>agentibus</span> <span class='ocrx_word' id='word_1_26' title='bbox 491 279 626 311; x_wconf 86' lang='lat' dir='ltr'>turbata</span> <span class='ocrx_word' id='word_1_27' title='bbox 657 286 704 310; x_wconf 85' lang='lat' dir='ltr'>est</span> <span class='ocrx_word' id='word_1_28' title='bbox 725 290 807 322; x_wconf 77' lang='lat' dir='ltr'>pax,</span> <span class='ocrx_word' id='word_1_29' title='bbox 845 285 876 309; x_wconf 86' lang='lat' dir='ltr'>et</span> <span class='ocrx_word' id='word_1_30' title='bbox 900 277 1043 317; x_wconf 79' lang='lat' dir='ltr'>effugata</span> <span class='ocrx_word' id='word_1_31' title='bbox 1067 276 1157 308; x_wconf 83' lang='lat' dir='ltr'>velut</span> 
     </span>
     <span class='ocr_line' id='line_1_5' title="bbox 24 336 1159 382; baseline -0.004 -9"><span class='ocrx_word' id='word_1_32' title='bbox 24 340 221 382; x_wconf 69' lang='lat' dir='ltr'>subterfugit</span> <span class='ocrx_word' id='word_1_33' title='bbox 244 340 286 372; x_wconf 83' lang='lat' dir='ltr'>ab</span> <span class='ocrx_word' id='word_1_34' title='bbox 311 340 523 372; x_wconf 82' lang='lat' dir='ltr'>hominibus:</span> <span class='ocrx_word' id='word_1_35' title='bbox 555 352 573 371; x_wconf 84' lang='lat' dir='ltr'>e</span> <span class='ocrx_word' id='word_1_36' title='bbox 603 338 775 371; x_wconf 81' lang='lat' dir='ltr'>contrario</span> <span class='ocrx_word' id='word_1_37' title='bbox 800 339 842 370; x_wconf 85' lang='lat' dir='ltr'>ab</span> <span class='ocrx_word' id='word_1_38' title='bbox 869 337 940 377; x_wconf 84' lang='lat' dir='ltr'>his,</span> <span class='ocrx_word' id='word_1_39' title='bbox 972 337 1031 381; x_wconf 84' lang='lat' dir='ltr'>qui</span> <span class='ocrx_word' id='word_1_40' title='bbox 1056 336 1159 371; x_wconf 87' lang='lat' dir='ltr'>Chri-</span> 
     </span>
     <span class='ocr_line' id='line_1_6' title="bbox 24 398 1158 446; baseline -0.005 -11"><span class='ocrx_word' id='word_1_41' title='bbox 24 411 111 435; x_wconf 76' lang='lat' dir='ltr'>stum</span> <span class='ocrx_word' id='word_1_42' title='bbox 125 402 317 435; x_wconf 85' lang='lat' dir='ltr'>didicerunt</span> <span class='ocrx_word' id='word_1_43' title='bbox 340 409 371 433; x_wconf 80' lang='lat' dir='ltr'>et</span> <span class='ocrx_word' id='word_1_44' title='bbox 395 401 459 446; x_wconf 81' lang='lat' dir='ltr'>ipsi</span> <span class='ocrx_word' id='word_1_45' title='bbox 482 399 639 439; x_wconf 84' lang='lat' dir='ltr'>serviunt,</span> <span class='ocrx_word' id='word_1_46' title='bbox 653 400 753 433; x_wconf 79' lang='lat' dir='ltr'>etiam</span> <span class='ocrx_word' id='word_1_47' title='bbox 769 399 912 442; x_wconf 82' lang='lat' dir='ltr'>fugitans</span> <span class='ocrx_word' id='word_1_48' title='bbox 930 398 1158 431; x_wconf 79' lang='lat' dir='ltr'>consectanda</span> 
     </span>
     <span class='ocr_line' id='line_1_7' title="bbox 27 461 1160 504; baseline -0.004 -8"><span class='ocrx_word' id='word_1_49' title='bbox 27 474 83 503; x_wconf 81' lang='lat' dir='ltr'>est,</span> <span class='ocrx_word' id='word_1_50' title='bbox 110 473 141 496; x_wconf 89' lang='lat' dir='ltr'>et</span> <span class='ocrx_word' id='word_1_51' title='bbox 163 463 273 496; x_wconf 85' lang='lat' dir='ltr'>modis</span> <span class='ocrx_word' id='word_1_52' title='bbox 297 463 456 496; x_wconf 87' lang='lat' dir='ltr'>omnibus</span> <span class='ocrx_word' id='word_1_53' title='bbox 479 462 678 495; x_wconf 80' lang='lat' dir='ltr'>revocanda.</span> <span class='ocrx_word' id='word_1_54' title='bbox 711 461 866 494; x_wconf 81' lang='lat' dir='ltr'>Sectatur</span> <span class='ocrx_word' id='word_1_55' title='bbox 889 469 1001 493; x_wconf 79' lang='lat' dir='ltr'>autem</span> <span class='ocrx_word' id='word_1_56' title='bbox 1026 472 1160 504; x_wconf 83' lang='lat' dir='ltr'>pacem,</span> 
     </span>
     <span class='ocr_line' id='line_1_8' title="bbox 26 522 1159 569; baseline -0.004 -12"><span class='ocrx_word' id='word_1_57' title='bbox 26 525 83 569; x_wconf 86' lang='lat' dir='ltr'>qui</span> <span class='ocrx_word' id='word_1_58' title='bbox 107 538 156 564; x_wconf 78' lang='lat' dir='ltr'>ea,</span> <span class='ocrx_word' id='word_1_59' title='bbox 180 525 302 569; x_wconf 88' lang='lat' dir='ltr'>quibus</span> <span class='ocrx_word' id='word_1_60' title='bbox 326 538 390 569; x_wconf 79' lang='lat' dir='ltr'>pax</span> <span class='ocrx_word' id='word_1_61' title='bbox 415 533 568 556; x_wconf 81' lang='lat' dir='ltr'>constare</span> <span class='ocrx_word' id='word_1_62' title='bbox 590 531 712 567; x_wconf 87' lang='lat' dir='ltr'>potest,</span> <span class='ocrx_word' id='word_1_63' title='bbox 736 522 835 555; x_wconf 77' lang='lat' dir='ltr'>etiam</span> <span class='ocrx_word' id='word_1_64' title='bbox 851 535 927 555; x_wconf 88' lang='lat' dir='ltr'>cum</span> <span class='ocrx_word' id='word_1_65' title='bbox 943 522 1063 554; x_wconf 81' lang='lat' dir='ltr'>labore</span> <span class='ocrx_word' id='word_1_66' title='bbox 1085 534 1159 560; x_wconf 92' lang='lat' dir='ltr'>suo,</span> 
     </span>
     <span class='ocr_line' id='line_1_9' title="bbox 27 583 1160 630; baseline -0.004 -11"><span class='ocrx_word' id='word_1_67' title='bbox 27 600 103 619; x_wconf 90' lang='lat' dir='ltr'>cum</span> <span class='ocrx_word' id='word_1_68' title='bbox 131 588 277 625; x_wconf 82' lang='lat' dir='ltr'>damno,</span> <span class='ocrx_word' id='word_1_69' title='bbox 317 600 395 618; x_wconf 88' lang='lat' dir='ltr'>cum</span> <span class='ocrx_word' id='word_1_70' title='bbox 429 583 620 630; x_wconf 81' lang='lat' dir='ltr'>opprobrio</span> <span class='ocrx_word' id='word_1_71' title='bbox 654 597 810 628; x_wconf 84' lang='lat' dir='ltr'>quoque,</span> <span class='ocrx_word' id='word_1_72' title='bbox 846 593 878 616; x_wconf 82' lang='lat' dir='ltr'>et</span> <span class='ocrx_word' id='word_1_73' title='bbox 907 583 934 616; x_wconf 87' lang='lat' dir='ltr'>si</span> <span class='ocrx_word' id='word_1_74' title='bbox 955 583 1000 616; x_wconf 86' lang='lat' dir='ltr'>ita</span> <span class='ocrx_word' id='word_1_75' title='bbox 1023 594 1160 615; x_wconf 85' lang='lat' dir='ltr'>necesse</span> 
     </span>
     <span class='ocr_line' id='line_1_10' title="bbox 24 642 1160 692; baseline -0.005 -11"><span class='ocrx_word' id='word_1_76' title='bbox 24 648 73 687; x_wconf 81' lang='lat' dir='ltr'>sit,</span> <span class='ocrx_word' id='word_1_77' title='bbox 99 648 196 680; x_wconf 80' lang='lat' dir='ltr'>etiam</span> <span class='ocrx_word' id='word_1_78' title='bbox 224 661 300 680; x_wconf 80' lang='lat' dir='ltr'>cum</span> <span class='ocrx_word' id='word_1_79' title='bbox 325 646 481 692; x_wconf 85' lang='lat' dir='ltr'>periculo</span> <span class='ocrx_word' id='word_1_80' title='bbox 504 646 591 679; x_wconf 78' lang='lat' dir='ltr'>vitae</span> <span class='ocrx_word' id='word_1_81' title='bbox 612 647 792 689; x_wconf 78' lang='lat' dir='ltr'>famaeque</span> <span class='ocrx_word' id='word_1_82' title='bbox 814 645 968 679; x_wconf 80' lang='lat' dir='ltr'><strong>custodit.</strong></span> <span class='ocrx_word' id='word_1_83' title='bbox 1017 642 1160 687; x_wconf 74' lang='lat' dir='ltr'>Hae03)</span> 
     </span>
     <span class='ocr_line' id='line_1_11' title="bbox 26 705 1161 753; baseline -0.004 -11"><span class='ocrx_word' id='word_1_84' title='bbox 26 708 116 742; x_wconf 83' lang='lat' dir='ltr'>enim</span> <span class='ocrx_word' id='word_1_85' title='bbox 141 723 214 742; x_wconf 89' lang='lat' dir='ltr'>non</span> <span class='ocrx_word' id='word_1_86' title='bbox 239 711 351 742; x_wconf 88' lang='lat' dir='ltr'>solum</span> <span class='ocrx_word' id='word_1_87' title='bbox 376 722 515 753; x_wconf 79' lang='lat' dir='ltr'>pacem,</span> <span class='ocrx_word' id='word_1_88' title='bbox 540 720 655 740; x_wconf 81' lang='lat' dir='ltr'>verum</span> <span class='ocrx_word' id='word_1_89' title='bbox 683 716 715 740; x_wconf 88' lang='lat' dir='ltr'>et</span> <span class='ocrx_word' id='word_1_90' title='bbox 745 707 1015 740; x_wconf 81' lang='lat' dir='ltr'>aedificationem</span> <span class='ocrx_word' id='word_1_91' title='bbox 1040 707 1083 738; x_wconf 76' lang='lat' dir='ltr'>ad</span> <span class='ocrx_word' id='word_1_92' title='bbox 1106 705 1161 737; x_wconf 89' lang='lat' dir='ltr'>in-</span> 
     </span>
     <span class='ocr_line' id='line_1_12' title="bbox 25 768 1160 812; baseline -0.004 -10"><span class='ocrx_word' id='word_1_93' title='bbox 25 770 131 803; x_wconf 78' lang='lat' dir='ltr'>vicem</span> <span class='ocrx_word' id='word_1_94' title='bbox 155 780 295 804; x_wconf 74' lang='lat' dir='ltr'>servant.</span> <span class='ocrx_word' id='word_1_95' title='bbox 342 770 552 803; x_wconf 81' lang='lat' dir='ltr'>Aedificatur</span> <span class='ocrx_word' id='word_1_96' title='bbox 584 768 674 801; x_wconf 88' lang='lat' dir='ltr'>enim</span> <span class='ocrx_word' id='word_1_97' title='bbox 705 769 750 808; x_wconf 83' lang='lat' dir='ltr'>is,</span> <span class='ocrx_word' id='word_1_98' title='bbox 787 768 844 812; x_wconf 87' lang='lat' dir='ltr'>qui</span> <span class='ocrx_word' id='word_1_99' title='bbox 874 768 995 801; x_wconf 82' lang='lat' dir='ltr'>viderit</span> <span class='ocrx_word' id='word_1_100' title='bbox 1024 777 1056 800; x_wconf 88' lang='lat' dir='ltr'>te</span> <span class='ocrx_word' id='word_1_101' title='bbox 1087 779 1160 799; x_wconf 86' lang='lat' dir='ltr'>non</span> 
     </span>
     <span class='ocr_line' id='line_1_13' title="bbox 26 828 1163 876; baseline -0.004 -12"><span class='ocrx_word' id='word_1_102' title='bbox 26 845 114 876; x_wconf 73' lang='lat' dir='ltr'>quae</span> <span class='ocrx_word' id='word_1_103' title='bbox 137 832 197 865; x_wconf 85' lang='lat' dir='ltr'>tibi</span> <span class='ocrx_word' id='word_1_104' title='bbox 219 831 294 872; x_wconf 81' lang='lat' dir='ltr'>soli,</span> <span class='ocrx_word' id='word_1_105' title='bbox 318 833 376 865; x_wconf 83' lang='lat' dir='ltr'>sed</span> <span class='ocrx_word' id='word_1_106' title='bbox 403 841 433 864; x_wconf 88' lang='lat' dir='ltr'>et</span> <span class='ocrx_word' id='word_1_107' title='bbox 445 831 481 876; x_wconf 76' lang='lat'>4)</span> <span class='ocrx_word' id='word_1_108' title='bbox 507 844 593 875; x_wconf 84' lang='lat' dir='ltr'>quae</span> <span class='ocrx_word' id='word_1_109' title='bbox 618 831 689 864; x_wconf 81' lang='lat' dir='ltr'>aliis</span> <span class='ocrx_word' id='word_1_110' title='bbox 709 831 892 876; x_wconf 81' lang='lat' dir='ltr'>expediunt</span> <span class='ocrx_word' id='word_1_111' title='bbox 914 828 1163 873; x_wconf 87' lang='lat' dir='ltr'>requirentem;</span> 
     </span>
     <span class='ocr_line' id='line_1_14' title="bbox 27 890 1162 936; baseline -0.004 -10"><span class='ocrx_word' id='word_1_112' title='bbox 27 903 59 926; x_wconf 87' lang='lat' dir='ltr'>et</span> <span class='ocrx_word' id='word_1_113' title='bbox 82 893 127 927; x_wconf 90' lang='lat' dir='ltr'>sic</span> <span class='ocrx_word' id='word_1_114' title='bbox 153 893 269 926; x_wconf 85' lang='lat' dir='ltr'>crescit</span> <span class='ocrx_word' id='word_1_115' title='bbox 293 891 537 934; x_wconf 76' lang='lat' dir='ltr'>aedificium⁵)</span> <span class='ocrx_word' id='word_1_116' title='bbox 561 892 661 933; x_wconf 80' lang='lat' dir='ltr'>fidei,</span> <span class='ocrx_word' id='word_1_117' title='bbox 693 905 731 925; x_wconf 81' lang='lat' dir='ltr'>ac</span> <span class='ocrx_word' id='word_1_118' title='bbox 765 893 932 936; x_wconf 87' lang='lat' dir='ltr'>templum</span> <span class='ocrx_word' id='word_1_119' title='bbox 956 891 1024 924; x_wconf 88' lang='lat' dir='ltr'>Dei</span> <span class='ocrx_word' id='word_1_120' title='bbox 1050 903 1088 923; x_wconf 86' lang='lat' dir='ltr'>ex</span> <span class='ocrx_word' id='word_1_121' title='bbox 1111 890 1162 922; x_wconf 80' lang='lat' dir='ltr'>la-</span> 
     </span>
     <span class='ocr_line' id='line_1_15' title="bbox 24 951 1164 1000; baseline -0.004 -12"><span class='ocrx_word' id='word_1_122' title='bbox 24 955 162 1000; x_wconf 86' lang='lat' dir='ltr'>pidibus</span> <span class='ocrx_word' id='word_1_123' title='bbox 192 956 272 988; x_wconf 84' lang='lat' dir='ltr'>vivis</span> <span class='ocrx_word' id='word_1_124' title='bbox 295 954 405 999; x_wconf 60' lang='lat' dir='ltr'>pere)</span> <span class='ocrx_word' id='word_1_125' title='bbox 445 954 733 988; x_wconf 81' lang='lat' dir='ltr'>constructionem</span> <span class='ocrx_word' id='word_1_126' title='bbox 766 953 910 987; x_wconf 70' lang='lat' dir='ltr'>caritatis</span> <span class='ocrx_word' id='word_1_127' title='bbox 942 951 1096 992; x_wconf 79' lang='lat' dir='ltr'>assurgit:</span> <span class='ocrx_word' id='word_1_128' title='bbox 1132 959 1164 983; x_wconf 89' lang='lat' dir='ltr'>et</span> 
     </span>
     <span class='ocr_line' id='line_1_16' title="bbox 25 1012 1162 1060; baseline -0.004 -10"><span class='ocrx_word' id='word_1_129' title='bbox 25 1017 105 1050; x_wconf 81' lang='lat' dir='ltr'>ideo</span> <span class='ocrx_word' id='word_1_130' title='bbox 132 1017 240 1050; x_wconf 75' lang='lat' dir='ltr'>addit:</span> <span class='ocrx_word' id='word_1_131' title='bbox 267 1015 441 1060; x_wconf 85' lang='lat' dir='ltr'>‚,nolite⁷)</span> <span class='ocrx_word' id='word_1_132' title='bbox 476 1024 620 1060; x_wconf 87' lang='lat' dir='ltr'>propter</span> <span class='ocrx_word' id='word_1_133' title='bbox 649 1015 762 1048; x_wconf 85' lang='lat' dir='ltr'>eibum</span> <span class='ocrx_word' id='word_1_134' title='bbox 796 1016 926 1048; x_wconf 78' lang='lat' dir='ltr'>solvere</span> <span class='ocrx_word' id='word_1_135' title='bbox 951 1027 1037 1058; x_wconf 89' lang='lat' dir='ltr'>opus</span> <span class='ocrx_word' id='word_1_136' title='bbox 1061 1012 1162 1046; x_wconf 80' lang='lat' dir='ltr'>Dei.“</span> 
     </span>
     <span class='ocr_line' id='line_1_17' title="bbox 27 1073 1163 1123; baseline -0.004 -12"><span class='ocrx_word' id='word_1_137' title='bbox 27 1078 135 1111; x_wconf 83' lang='lat' dir='ltr'>Solvit</span> <span class='ocrx_word' id='word_1_138' title='bbox 165 1078 254 1110; x_wconf 89' lang='lat' dir='ltr'>enim</span> <span class='ocrx_word' id='word_1_139' title='bbox 281 1092 366 1123; x_wconf 82' lang='lat' dir='ltr'>opus</span> <span class='ocrx_word' id='word_1_140' title='bbox 390 1077 467 1118; x_wconf 80' lang='lat' dir='ltr'>Dei,</span> <span class='ocrx_word' id='word_1_141' title='bbox 492 1087 524 1110; x_wconf 86' lang='lat' dir='ltr'>et</span> <span class='ocrx_word' id='word_1_142' title='bbox 548 1076 741 1110; x_wconf 81' lang='lat' dir='ltr'>aedificium</span> <span class='ocrx_word' id='word_1_143' title='bbox 763 1077 903 1109; x_wconf 82' lang='lat' dir='ltr'>destruit</span> <span class='ocrx_word' id='word_1_144' title='bbox 926 1075 1080 1114; x_wconf 83' lang='lat' dir='ltr'>caritatis,</span> <span class='ocrx_word' id='word_1_145' title='bbox 1104 1073 1163 1118; x_wconf 86' lang='lat' dir='ltr'>qui</span> 
     </span>
     <span class='ocr_line' id='line_1_18' title="bbox 25 1135 1162 1184; baseline -0.002 -12"><span class='ocrx_word' id='word_1_146' title='bbox 25 1149 168 1184; x_wconf 79' lang='lat' dir='ltr'>propter</span> <span class='ocrx_word' id='word_1_147' title='bbox 183 1140 339 1172; x_wconf 83' lang='lat' dir='ltr'>ciborum</span> <span class='ocrx_word' id='word_1_148' title='bbox 354 1138 649 1183; x_wconf 80' lang='lat' dir='ltr'>intemperantiam</span> <span class='ocrx_word' id='word_1_149' title='bbox 661 1139 860 1171; x_wconf 78' lang='lat' dir='ltr'>scandalum</span> <span class='ocrx_word' id='word_1_150' title='bbox 876 1137 1034 1170; x_wconf 78' lang='lat' dir='ltr'>fratribus</span> <span class='ocrx_word' id='word_1_151' title='bbox 1054 1135 1162 1180; x_wconf 86' lang='lat' dir='ltr'>ponit.</span> 
     </span>
    </p>

    <p class='ocr_par' dir='ltr' id='par_1_3' title="bbox 115 1199 1163 1245">
     <span class='ocr_line' id='line_1_19' title="bbox 115 1199 1163 1245; baseline -0.006 -10"><span class='ocrx_word' id='word_1_152' title='bbox 115 1202 146 1235; x_wconf 88' lang='lat'>3.</span> <span class='ocrx_word' id='word_1_153' title='bbox 170 1201 327 1241; x_wconf 77' lang='lat' dir='ltr'>„Omnia</span> <span class='ocrx_word' id='word_1_154' title='bbox 341 1200 377 1245; x_wconf 70' lang='lat'>3)</span> <span class='ocrx_word' id='word_1_155' title='bbox 408 1201 545 1245; x_wconf 87' lang='lat' dir='ltr'>quidem</span> <span class='ocrx_word' id='word_1_156' title='bbox 575 1202 704 1233; x_wconf 78' lang='lat' dir='ltr'>munda</span> <span class='ocrx_word' id='word_1_157' title='bbox 735 1209 830 1239; x_wconf 85' lang='lat' dir='ltr'>sunt,</span> <span class='ocrx_word' id='word_1_158' title='bbox 865 1199 922 1232; x_wconf 86' lang='lat' dir='ltr'>sed</span> <span class='ocrx_word' id='word_1_159' title='bbox 953 1199 1082 1231; x_wconf 85' lang='lat' dir='ltr'>malum</span> <span class='ocrx_word' id='word_1_160' title='bbox 1116 1205 1163 1229; x_wconf 85' lang='lat' dir='ltr'>est</span> 
     </span>
    </p>
   </div>
   <div class='ocr_carea' id='block_1_3' title="bbox 27 1259 1162 1307">
    <p class='ocr_par' dir='ltr' id='par_1_4' title="bbox 27 1259 1162 1307">
     <span class='ocr_line' id='line_1_20' title="bbox 27 1259 1162 1307; baseline -0.003 -13"><span class='ocrx_word' id='word_1_161' title='bbox 27 1262 176 1303; x_wconf 82' lang='lat' dir='ltr'>homini,</span> <span class='ocrx_word' id='word_1_162' title='bbox 209 1263 267 1307; x_wconf 86' lang='lat' dir='ltr'>qui</span> <span class='ocrx_word' id='word_1_163' title='bbox 297 1275 360 1307; x_wconf 84' lang='lat' dir='ltr'>per</span> <span class='ocrx_word' id='word_1_164' title='bbox 390 1263 617 1296; x_wconf 80' lang='lat' dir='ltr'>offensionem</span> <span class='ocrx_word' id='word_1_165' title='bbox 630 1261 667 1306; x_wconf 79' lang='grc'>9)</span> <span class='ocrx_word' id='word_1_166' title='bbox 698 1263 891 1295; x_wconf 75' lang='lat' dir='ltr'>manducat.</span> <span class='ocrx_word' id='word_1_167' title='bbox 947 1259 1088 1293; x_wconf 88' lang='lat' dir='ltr'>Bonum</span> <span class='ocrx_word' id='word_1_168' title='bbox 1113 1267 1162 1292; x_wconf 89' lang='lat' dir='ltr'>est</span> 
     </span>
    </p>
   </div>
   <div class='ocr_carea' id='block_1_4' title="bbox 25 1351 217 1358">
    <p class='ocr_par' dir='ltr' id='par_1_5' title="bbox 25 1351 217 1358">
     <span class='ocr_line' id='line_1_21' title="bbox 25 1351 217 1358; baseline 0 1086"><span class='ocrx_word' id='word_1_169' title='bbox 25 1351 217 1358; x_wconf 95' lang='lat' dir='ltr'> </span> 
     </span>
    </p>
   </div>
   <div class='ocr_carea' id='block_1_5' title="bbox 28 1407 1164 1654">
    <p class='ocr_par' dir='ltr' id='par_1_6' title="bbox 122 1407 888 1453">
     <span class='ocr_line' id='line_1_22' title="bbox 122 1407 888 1453; baseline 0 -13"><span class='ocrx_word' id='word_1_170' title='bbox 122 1410 157 1453; x_wconf 89' lang='lat'>1)</span> <span class='ocrx_word' id='word_1_171' title='bbox 181 1408 268 1442; x_wconf 85' lang='lat' dir='ltr'><strong>Edd.</strong></span> <span class='ocrx_word' id='word_1_172' title='bbox 291 1408 447 1442; x_wconf 77' lang='lat' dir='ltr'>Merlini:</span> <span class='ocrx_word' id='word_1_173' title='bbox 472 1407 555 1441; x_wconf 84' lang='lat' dir='ltr'>mihi</span> <span class='ocrx_word' id='word_1_174' title='bbox 579 1407 646 1440; x_wconf 90' lang='lat' dir='ltr'>hoc</span> <span class='ocrx_word' id='word_1_175' title='bbox 671 1407 804 1440; x_wconf 87' lang='lat' dir='ltr'>videtur</span> <span class='ocrx_word' id='word_1_176' title='bbox 828 1415 888 1440; x_wconf 86' lang='lat' dir='ltr'>etc.</span> 
     </span>
    </p>

    <p class='ocr_par' dir='ltr' id='par_1_7' title="bbox 28 1459 1162 1594">
     <span class='ocr_line' id='line_1_23' title="bbox 120 1459 1160 1508; baseline -0.005 -11"><span class='ocrx_word' id='word_1_177' title='bbox 120 1465 157 1508; x_wconf 84' lang='lat'>²)</span> <span class='ocrx_word' id='word_1_178' title='bbox 182 1465 314 1499; x_wconf 80' lang='lat' dir='ltr'>Desunt</span> <span class='ocrx_word' id='word_1_179' title='bbox 336 1464 488 1508; x_wconf 82' lang='lat' dir='ltr'>„inquit“</span> <span class='ocrx_word' id='word_1_180' title='bbox 512 1474 544 1497; x_wconf 82' lang='lat' dir='ltr'>et</span> <span class='ocrx_word' id='word_1_181' title='bbox 567 1468 656 1504; x_wconf 86' lang='lat' dir='ltr'>„est“</span> <span class='ocrx_word' id='word_1_182' title='bbox 681 1472 760 1508; x_wconf 86' lang='lat' dir='ltr'>post</span> <span class='ocrx_word' id='word_1_183' title='bbox 784 1463 961 1503; x_wconf 78' lang='lat' dir='ltr'>‚,tu1·bata“</span> <span class='ocrx_word' id='word_1_184' title='bbox 982 1460 1017 1493; x_wconf 84' lang='lat' dir='ltr'>in</span> <span class='ocrx_word' id='word_1_185' title='bbox 1041 1459 1160 1505; x_wconf 85' lang='lat' dir='ltr'>pleris-</span> 
     </span>
     <span class='ocr_line' id='line_1_24' title="bbox 30 1506 1162 1555; baseline -0.004 -13"><span class='ocrx_word' id='word_1_186' title='bbox 30 1523 95 1554; x_wconf 86' lang='lat' dir='ltr'>que</span> <span class='ocrx_word' id='word_1_187' title='bbox 123 1510 221 1549; x_wconf 81' lang='lat' dir='ltr'>Mss.‚</span> <span class='ocrx_word' id='word_1_188' title='bbox 254 1519 284 1542; x_wconf 89' lang='lat' dir='ltr'>et</span> <span class='ocrx_word' id='word_1_189' title='bbox 308 1510 342 1542; x_wconf 83' lang='lat' dir='ltr'>in</span> <span class='ocrx_word' id='word_1_190' title='bbox 369 1509 464 1542; x_wconf 81' lang='lat' dir='ltr'>editis</span> <span class='ocrx_word' id='word_1_191' title='bbox 492 1509 538 1555; x_wconf 82' lang='lat' dir='ltr'>(v.</span> <span class='ocrx_word' id='word_1_192' title='bbox 563 1523 589 1542; x_wconf 91' lang='lat' dir='ltr'>c.</span> <span class='ocrx_word' id='word_1_193' title='bbox 616 1510 693 1541; x_wconf 81' lang='lat' dir='ltr'>edd.</span> <span class='ocrx_word' id='word_1_194' title='bbox 710 1508 796 1551; x_wconf 68' lang='grc' dir='ltr'>Μ),</span> <span class='ocrx_word' id='word_1_195' title='bbox 820 1521 883 1540; x_wconf 83' lang='lat' dir='ltr'>nec</span> <span class='ocrx_word' id='word_1_196' title='bbox 907 1520 979 1540; x_wconf 88' lang='lat' dir='ltr'>non</span> <span class='ocrx_word' id='word_1_197' title='bbox 1005 1515 1036 1538; x_wconf 86' lang='lat' dir='ltr'>et</span> <span class='ocrx_word' id='word_1_198' title='bbox 1068 1506 1162 1549; x_wconf 79' lang='lat' dir='ltr'>apud</span> 
     </span>
     <span class='ocr_line' id='line_1_25' title="bbox 28 1550 1134 1594; baseline -0.004 -7"><span class='ocrx_word' id='word_1_199' title='bbox 28 1555 226 1588; x_wconf 75' lang='lat' dir='ltr'>Rabanum:</span> <span class='ocrx_word' id='word_1_200' title='bbox 250 1556 308 1587; x_wconf 82' lang='lat' dir='ltr'>sed</span> <span class='ocrx_word' id='word_1_201' title='bbox 331 1554 551 1588; x_wconf 79' lang='lat' dir='ltr'>restituuntur</span> <span class='ocrx_word' id='word_1_202' title='bbox 576 1567 613 1587; x_wconf 84' lang='lat' dir='ltr'>ex</span> <span class='ocrx_word' id='word_1_203' title='bbox 636 1554 720 1586; x_wconf 60' lang='lat' dir='ltr'>Rlsc.</span> <span class='ocrx_word' id='word_1_204' title='bbox 746 1553 825 1594; x_wconf 84' lang='lat' dir='ltr'>Reg.</span> <span class='ocrx_word' id='word_1_205' title='bbox 848 1566 944 1585; x_wconf 89' lang='lat' dir='ltr'>num.</span> <span class='ocrx_word' id='word_1_206' title='bbox 968 1551 1066 1585; x_wconf 85' lang='grc'>1639.</span> <span class='ocrx_word' id='word_1_207' title='bbox 1095 1550 1134 1581; x_wconf 80' lang='lat' dir='ltr'>R.</span> 
     </span>
    </p>

    <p class='ocr_par' dir='ltr' id='par_1_8' title="bbox 120 1607 1164 1654">
     <span class='ocr_line' id='line_1_26' title="bbox 120 1607 1164 1654; baseline -0.005 -11"><span class='ocrx_word' id='word_1_208' title='bbox 120 1610 156 1654; x_wconf 80' lang='grc'>3)</span> <span class='ocrx_word' id='word_1_209' title='bbox 181 1609 273 1643; x_wconf 85' lang='lat' dir='ltr'>Editi</span> <span class='ocrx_word' id='word_1_210' title='bbox 298 1610 346 1652; x_wconf 87' lang='lat' dir='ltr'>(v.</span> <span class='ocrx_word' id='word_1_211' title='bbox 371 1623 397 1642; x_wconf 92' lang='lat' dir='ltr'>c.</span> <span class='ocrx_word' id='word_1_212' title='bbox 424 1611 498 1642; x_wconf 89' lang='lat' dir='ltr'>edd.</span> <span class='ocrx_word' id='word_1_213' title='bbox 525 1609 606 1653; x_wconf 86' lang='lat' dir='ltr'>M.:)</span> <span class='ocrx_word' id='word_1_214' title='bbox 641 1608 728 1649; x_wconf 82' lang='lat' dir='ltr'>„Hic</span> <span class='ocrx_word' id='word_1_215' title='bbox 754 1609 844 1642; x_wconf 82' lang='lat' dir='ltr'>enim</span> <span class='ocrx_word' id='word_1_216' title='bbox 868 1621 941 1640; x_wconf 88' lang='lat' dir='ltr'>non</span> <span class='ocrx_word' id='word_1_217' title='bbox 965 1607 1077 1640; x_wconf 85' lang='lat' dir='ltr'>solum</span> <span class='ocrx_word' id='word_1_218' title='bbox 1102 1618 1164 1650; x_wconf 85' lang='lat' dir='ltr'>pa-</span> 
     </span>
    </p>
   </div>
   <div class='ocr_carea' id='block_1_6' title="bbox 28 1652 1164 1867">
    <p class='ocr_par' dir='ltr' id='par_1_9' title="bbox 28 1652 1164 1867">
     <span class='ocr_line' id='line_1_27' title="bbox 28 1652 1009 1696; baseline -0.005 -7"><span class='ocrx_word' id='word_1_219' title='bbox 28 1669 112 1696; x_wconf 87' lang='lat' dir='ltr'>cem,</span> <span class='ocrx_word' id='word_1_220' title='bbox 135 1668 253 1688; x_wconf 88' lang='lat' dir='ltr'>verum</span> <span class='ocrx_word' id='word_1_221' title='bbox 278 1654 547 1687; x_wconf 75' lang='lat' dir='ltr'>aedificationem</span> <span class='ocrx_word' id='word_1_222' title='bbox 572 1655 614 1687; x_wconf 88' lang='lat' dir='ltr'>ad</span> <span class='ocrx_word' id='word_1_223' title='bbox 637 1654 783 1687; x_wconf 79' lang='lat' dir='ltr'>invicem</span> <span class='ocrx_word' id='word_1_224' title='bbox 806 1656 946 1686; x_wconf 83' lang='lat' dir='ltr'>servat.“</span> <span class='ocrx_word' id='word_1_225' title='bbox 970 1652 1009 1684; x_wconf 87' lang='grc' dir='ltr'>Ρι.</span> 
     </span>
     <span class='ocr_line' id='line_1_28' title="bbox 120 1710 612 1754; baseline 0 -11"><span class='ocrx_word' id='word_1_226' title='bbox 120 1711 158 1754; x_wconf 79' lang='lat'>⁴)</span> <span class='ocrx_word' id='word_1_227' title='bbox 181 1711 284 1743; x_wconf 86' lang='lat' dir='ltr'>Deest</span> <span class='ocrx_word' id='word_1_228' title='bbox 307 1714 381 1750; x_wconf 80' lang='lat' dir='ltr'>‚,et“</span> <span class='ocrx_word' id='word_1_229' title='bbox 403 1711 438 1743; x_wconf 87' lang='lat' dir='ltr'>in</span> <span class='ocrx_word' id='word_1_230' title='bbox 464 1710 540 1743; x_wconf 78' lang='lat' dir='ltr'>edd,</span> <span class='ocrx_word' id='word_1_231' title='bbox 564 1710 612 1743; x_wconf 81' lang='grc' dir='ltr'>Μ.</span> 
     </span>
     <span class='ocr_line' id='line_1_29' title="bbox 122 1765 1039 1811; baseline -0.002 -11"><span class='ocrx_word' id='word_1_232' title='bbox 122 1766 157 1810; x_wconf 87' lang='grc'>5)</span> <span class='ocrx_word' id='word_1_233' title='bbox 182 1767 274 1800; x_wconf 79' lang='lat' dir='ltr'>Editi</span> <span class='ocrx_word' id='word_1_234' title='bbox 298 1766 345 1811; x_wconf 78' lang='lat' dir='ltr'>(v.</span> <span class='ocrx_word' id='word_1_235' title='bbox 371 1780 396 1799; x_wconf 88' lang='lat' dir='ltr'>c.</span> <span class='ocrx_word' id='word_1_236' title='bbox 424 1768 500 1799; x_wconf 83' lang='lat' dir='ltr'><strong>cdd.</strong></span> <span class='ocrx_word' id='word_1_237' title='bbox 527 1766 612 1811; x_wconf 82' lang='grc' dir='ltr'>Μ.);</span> <span class='ocrx_word' id='word_1_238' title='bbox 635 1765 849 1806; x_wconf 76' lang='lat' dir='ltr'>„aedificium</span> <span class='ocrx_word' id='word_1_239' title='bbox 875 1765 974 1799; x_wconf 76' lang='lat' dir='ltr'>Dei.“</span> <span class='ocrx_word' id='word_1_240' title='bbox 998 1765 1039 1798; x_wconf 88' lang='lat' dir='ltr'>R.</span> 
     </span>
     <span class='ocr_line' id='line_1_30' title="bbox 122 1821 1164 1867; baseline -0.001 -12"><span class='ocrx_word' id='word_1_241' title='bbox 122 1822 158 1867; x_wconf 73' lang='grc'>6)</span> <span class='ocrx_word' id='word_1_242' title='bbox 182 1823 274 1856; x_wconf 85' lang='lat' dir='ltr'>Editi</span> <span class='ocrx_word' id='word_1_243' title='bbox 298 1824 345 1866; x_wconf 66' lang='grc' dir='ltr'>(ν,</span> <span class='ocrx_word' id='word_1_244' title='bbox 373 1836 398 1855; x_wconf 91' lang='lat' dir='ltr'>c.</span> <span class='ocrx_word' id='word_1_245' title='bbox 425 1824 501 1855; x_wconf 80' lang='lat' dir='ltr'>edd.</span> <span class='ocrx_word' id='word_1_246' title='bbox 526 1822 614 1865; x_wconf 82' lang='lat' dir='ltr'>M.),</span> <span class='ocrx_word' id='word_1_247' title='bbox 653 1836 691 1854; x_wconf 83' lang='lat' dir='ltr'>ae</span> <span class='ocrx_word' id='word_1_248' title='bbox 723 1821 801 1854; x_wconf 79' lang='lat' dir='ltr'>Mss.</span> <span class='ocrx_word' id='word_1_249' title='bbox 836 1821 993 1866; x_wconf 82' lang='lat' dir='ltr'>quidam:</span> <span class='ocrx_word' id='word_1_250' title='bbox 1025 1830 1078 1861; x_wconf 85' lang='lat' dir='ltr'>„et</span> <span class='ocrx_word' id='word_1_251' title='bbox 1101 1835 1164 1866; x_wconf 80' lang='lat' dir='ltr'>per</span> 
     </span>
    </p>
   </div>
   <div class='ocr_carea' id='block_1_7' title="bbox 30 1866 1163 1952">
    <p class='ocr_par' dir='ltr' id='par_1_10' title="bbox 30 1866 1163 1952">
     <span class='ocr_line' id='line_1_31' title="bbox 31 1866 1163 1908; baseline -0.002 -7"><span class='ocrx_word' id='word_1_252' title='bbox 31 1868 338 1901; x_wconf 80' lang='lat' dir='ltr'>constructionem“</span> <span class='ocrx_word' id='word_1_253' title='bbox 363 1877 422 1900; x_wconf 87' lang='lat' dir='ltr'>etc.</span> <span class='ocrx_word' id='word_1_254' title='bbox 470 1868 539 1901; x_wconf 86' lang='lat' dir='ltr'>Sed</span> <span class='ocrx_word' id='word_1_255' title='bbox 563 1876 652 1900; x_wconf 85' lang='lat' dir='ltr'>recte</span> <span class='ocrx_word' id='word_1_256' title='bbox 676 1868 761 1900; x_wconf 76' lang='lat' dir='ltr'>NIsc.</span> <span class='ocrx_word' id='word_1_257' title='bbox 786 1866 865 1908; x_wconf 79' lang='lat' dir='ltr'>Reg.</span> <span class='ocrx_word' id='word_1_258' title='bbox 889 1880 983 1900; x_wconf 89' lang='lat' dir='ltr'>num.</span> <span class='ocrx_word' id='word_1_259' title='bbox 1009 1866 1106 1901; x_wconf 83' lang='grc'>1639.</span> <span class='ocrx_word' id='word_1_260' title='bbox 1132 1875 1163 1899; x_wconf 84' lang='lat' dir='ltr'>et</span> 
     </span>
     <span class='ocr_line' id='line_1_32' title="bbox 30 1913 548 1952; baseline 0.004 -7"><span class='ocrx_word' id='word_1_261' title='bbox 30 1913 191 1946; x_wconf 79' lang='lat' dir='ltr'>Rabanus</span> <span class='ocrx_word' id='word_1_262' title='bbox 216 1913 377 1946; x_wconf 84' lang='lat' dir='ltr'>omittunt</span> <span class='ocrx_word' id='word_1_263' title='bbox 399 1917 483 1952; x_wconf 87' lang='lat' dir='ltr'>‚,et.“</span> <span class='ocrx_word' id='word_1_264' title='bbox 508 1913 548 1947; x_wconf 82' lang='lat' dir='ltr'>R.</span> 
     </span>
    </p>
   </div>
   <div class='ocr_carea' id='block_1_8' title="bbox 32 1967 1164 2058">
    <p class='ocr_par' dir='ltr' id='par_1_11' title="bbox 32 1967 1164 2058">
     <span class='ocr_line' id='line_1_33' title="bbox 123 1967 1164 2013; baseline 0.002 -15"><span class='ocrx_word' id='word_1_265' title='bbox 123 1967 157 2010; x_wconf 88' lang='grc'>7)</span> <span class='ocrx_word' id='word_1_266' title='bbox 184 1967 286 2002; x_wconf 84' lang='lat' dir='ltr'>Rom.</span> <span class='ocrx_word' id='word_1_267' title='bbox 323 1968 423 2007; x_wconf 87' lang='lat' dir='ltr'>XIV,</span> <span class='ocrx_word' id='word_1_268' title='bbox 454 1969 507 2002; x_wconf 75' lang='grc'>20.</span> <span class='ocrx_word' id='word_1_269' title='bbox 539 1990 582 1997; x_wconf 89' lang='grc'><strong>-</strong></span> <span class='ocrx_word' id='word_1_270' title='bbox 615 1968 703 2001; x_wconf 86' lang='lat' dir='ltr'><strong>Edd.</strong></span> <span class='ocrx_word' id='word_1_271' title='bbox 734 1968 783 2001; x_wconf 86' lang='lat' dir='ltr'>M.</span> <span class='ocrx_word' id='word_1_272' title='bbox 819 1969 885 2001; x_wconf 84' lang='lat' dir='ltr'>hoc</span> <span class='ocrx_word' id='word_1_273' title='bbox 910 1981 1048 2013; x_wconf 87' lang='lat' dir='ltr'>quoque</span> <span class='ocrx_word' id='word_1_274' title='bbox 1071 1969 1164 2008; x_wconf 86' lang='lat' dir='ltr'>Ioco,</span> 
     </span>
     <span class='ocr_line' id='line_1_34' title="bbox 32 2013 825 2058; baseline 0.001 -12"><span class='ocrx_word' id='word_1_275' title='bbox 32 2014 90 2046; x_wconf 85' lang='lat' dir='ltr'>csr.</span> <span class='ocrx_word' id='word_1_276' title='bbox 114 2024 188 2057; x_wconf 82' lang='lat' dir='ltr'><strong>pag.</strong></span> <span class='ocrx_word' id='word_1_277' title='bbox 211 2013 288 2047; x_wconf 76' lang='grc'><strong>376.</strong></span> <span class='ocrx_word' id='word_1_278' title='bbox 312 2022 381 2046; x_wconf 86' lang='lat' dir='ltr'>not.</span> <span class='ocrx_word' id='word_1_279' title='bbox 405 2015 436 2047; x_wconf 90' lang='lat'>6.</span> <span class='ocrx_word' id='word_1_280' title='bbox 461 2013 555 2053; x_wconf 84' lang='lat' dir='ltr'>„noli</span> <span class='ocrx_word' id='word_1_281' title='bbox 578 2018 740 2058; x_wconf 82' lang='lat' dir='ltr'>propter“</span> <span class='ocrx_word' id='word_1_282' title='bbox 766 2023 825 2047; x_wconf 87' lang='lat' dir='ltr'>etc.</span> 
     </span>
    </p>
   </div>
   <div class='ocr_carea' id='block_1_9' title="bbox 32 2067 1166 2215">
    <p class='ocr_par' dir='ltr' id='par_1_12' title="bbox 32 2067 1166 2215">
     <span class='ocr_line' id='line_1_35' title="bbox 123 2067 1165 2110; baseline 0.002 -11"><span class='ocrx_word' id='word_1_283' title='bbox 123 2067 161 2110; x_wconf 84' lang='grc'>8)</span> <span class='ocrx_word' id='word_1_284' title='bbox 186 2067 287 2100; x_wconf 81' lang='lat' dir='ltr'>Rom.</span> <span class='ocrx_word' id='word_1_285' title='bbox 311 2069 403 2108; x_wconf 86' lang='lat' dir='ltr'><strong>XIV,</strong></span> <span class='ocrx_word' id='word_1_286' title='bbox 428 2071 480 2103; x_wconf 79' lang='lat'>20.</span> <span class='ocrx_word' id='word_1_287' title='bbox 503 2072 556 2103; x_wconf 75' lang='lat'>21.</span> <span class='ocrx_word' id='word_1_288' title='bbox 573 2090 613 2094; x_wconf 92' lang='grc'>--</span> <span class='ocrx_word' id='word_1_289' title='bbox 631 2069 720 2102; x_wconf 83' lang='lat' dir='ltr'><strong>Edd.</strong></span> <span class='ocrx_word' id='word_1_290' title='bbox 744 2069 898 2102; x_wconf 78' lang='lat' dir='ltr'>Merlini:</span> <span class='ocrx_word' id='word_1_291' title='bbox 922 2078 1000 2103; x_wconf 86' lang='lat' dir='ltr'>sunt</span> <span class='ocrx_word' id='word_1_292' title='bbox 1023 2070 1165 2104; x_wconf 78' lang='lat' dir='ltr'>munda.</span> 
     </span>
     <span class='ocr_line' id='line_1_36' title="bbox 125 2123 1163 2169; baseline 0.002 -14"><span class='ocrx_word' id='word_1_293' title='bbox 125 2123 161 2167; x_wconf 85' lang='lat'>9)</span> <span class='ocrx_word' id='word_1_294' title='bbox 186 2123 277 2156; x_wconf 87' lang='lat' dir='ltr'>Editi</span> <span class='ocrx_word' id='word_1_295' title='bbox 308 2124 354 2168; x_wconf 76' lang='lat' dir='ltr'>(v.</span> <span class='ocrx_word' id='word_1_296' title='bbox 392 2138 418 2157; x_wconf 90' lang='lat' dir='ltr'>c.</span> <span class='ocrx_word' id='word_1_297' title='bbox 453 2127 528 2159; x_wconf 83' lang='lat' dir='ltr'>edd.</span> <span class='ocrx_word' id='word_1_298' title='bbox 552 2126 639 2169; x_wconf 66' lang='lat' dir='ltr'>Jss.):</span> <span class='ocrx_word' id='word_1_299' title='bbox 669 2127 939 2165; x_wconf 80' lang='lat' dir='ltr'>„offendiculum</span> <span class='ocrx_word' id='word_1_300' title='bbox 970 2126 1163 2158; x_wconf 76' lang='lat' dir='ltr'>manducat.</span> 
     </span>
     <span class='ocr_line' id='line_1_37' title="bbox 32 2168 1166 2215; baseline 0.002 -15"><span class='ocrx_word' id='word_1_301' title='bbox 32 2168 171 2200; x_wconf 86' lang='lat' dir='ltr'>Bonum</span> <span class='ocrx_word' id='word_1_302' title='bbox 197 2188 237 2194; x_wconf 91' lang='lat'>——-</span> <span class='ocrx_word' id='word_1_303' title='bbox 263 2182 418 2209; x_wconf 76' lang='lat' dir='ltr'>earnem,</span> <span class='ocrx_word' id='word_1_304' title='bbox 459 2180 489 2203; x_wconf 82' lang='lat' dir='ltr'>et</span> <span class='ocrx_word' id='word_1_305' title='bbox 520 2191 560 2197; x_wconf 83' lang='lat'>·—</span> <span class='ocrx_word' id='word_1_306' title='bbox 592 2171 726 2210; x_wconf 73' lang='lat' dir='ltr'>vinum,</span> <span class='ocrx_word' id='word_1_307' title='bbox 764 2185 875 2215; x_wconf 85' lang='lat' dir='ltr'>neque</span> <span class='ocrx_word' id='word_1_308' title='bbox 904 2171 939 2203; x_wconf 81' lang='lat' dir='ltr'>in</span> <span class='ocrx_word' id='word_1_309' title='bbox 971 2183 1039 2214; x_wconf 88' lang='lat' dir='ltr'>quo</span> <span class='ocrx_word' id='word_1_310' title='bbox 1064 2172 1166 2203; x_wconf 72' lang='lat' dir='ltr'>frater</span> 
     </span>
    </p>
   </div>
   <div class='ocr_carea' id='block_1_10' title="bbox 32 2214 1166 2296">
    <p class='ocr_par' dir='ltr' id='par_1_13' title="bbox 32 2214 1166 2296">
     <span class='ocr_line' id='line_1_38' title="bbox 32 2214 1166 2252; baseline 0.002 -7"><span class='ocrx_word' id='word_1_311' title='bbox 32 2222 108 2245; x_wconf 82' lang='lat' dir='ltr'>tuus</span> <span class='ocrx_word' id='word_1_312' title='bbox 131 2214 406 2246; x_wconf 71' lang='lat' dir='ltr'>scandalizatur.“</span> <span class='ocrx_word' id='word_1_313' title='bbox 459 2216 527 2248; x_wconf 87' lang='lat' dir='ltr'>Sed</span> <span class='ocrx_word' id='word_1_314' title='bbox 560 2230 677 2251; x_wconf 82' lang='lat' dir='ltr'>omues</span> <span class='ocrx_word' id='word_1_315' title='bbox 702 2216 780 2252; x_wconf 79' lang='lat' dir='ltr'>Mss.</span> <span class='ocrx_word' id='word_1_316' title='bbox 815 2226 846 2250; x_wconf 83' lang='lat' dir='ltr'>et</span> <span class='ocrx_word' id='word_1_317' title='bbox 870 2217 1030 2250; x_wconf 76' lang='lat' dir='ltr'>Rabanus</span> <span class='ocrx_word' id='word_1_318' title='bbox 1054 2215 1109 2250; x_wconf 82' lang='lat' dir='ltr'>hic</span> <span class='ocrx_word' id='word_1_319' title='bbox 1134 2225 1166 2248; x_wconf 73' lang='lat' dir='ltr'>et</span> 
     </span>
     <span class='ocr_line' id='line_1_39' title="bbox 33 2257 562 2296; baseline 0.008 -5"><span class='ocrx_word' id='word_1_320' title='bbox 33 2257 120 2293; x_wconf 73' lang='lat' dir='ltr'>infra</span> <span class='ocrx_word' id='word_1_321' title='bbox 142 2268 179 2293; x_wconf 83' lang='lat' dir='ltr'>ut</span> <span class='ocrx_word' id='word_1_322' title='bbox 202 2258 236 2292; x_wconf 91' lang='lat' dir='ltr'>in</span> <span class='ocrx_word' id='word_1_323' title='bbox 261 2269 377 2294; x_wconf 82' lang='lat' dir='ltr'>nostro</span> <span class='ocrx_word' id='word_1_324' title='bbox 402 2270 499 2296; x_wconf 74' lang='lat' dir='ltr'>textu.</span> <span class='ocrx_word' id='word_1_325' title='bbox 524 2261 562 2294; x_wconf 82' lang='lat' dir='ltr'>R.</span> 
     </span>
    </p>
   </div>
  </div>
 </body>
</html>
