1320 2444
143 50 211 85 432
414 48 592 82 Ommzms
615 57 652 82 m
674 47 738 82 ΕΡ.
763 56 811 81 An
838 47 1022 82 Romanos

146 142 245 175 detur
267 139 352 173 mihi
384 139 541 172 omnium
564 139 695 184 primus
729 152 766 171 ex
790 138 868 172 Asia
900 138 1099 179 credidisse;
1129 138 1222 172 unde
1254 147 1285 171 et

143 202 321 243 „initium“
346 215 424 235 eum
450 200 610 234 ecclesiae
633 200 826 245 appellavit,
849 200 920 240 vel,
942 209 979 232 ut
1001 200 1037 233 in
1061 199 1197 233 Graeco
1223 199 1284 232 ha-

145 265 261 296 betur:
294 263 482 308 „primitias
516 264 654 295 Asme:“
688 262 801 306 nisi¹)
834 261 963 306 aliquid
987 263 1192 306 profundius
1215 274 1285 295 ser-

143 325 253 370 m02)
277 325 337 359 iste
359 324 532 367 significet,
556 333 593 356 ut
615 323 840 366 intelligamus
865 324 1002 365 angelos
1026 323 1112 364 Dei,
1148 323 1206 368 qui
1231 336 1285 355 ec-

144 387 249 420 clesiis
272 396 451 432 praesunt,
484 387 611 418 offerre
640 384 790 426 singulos
822 397 977 429 quosque
1008 385 1175 430 primitias
1206 384 1283 417 Deo

144 462 182 482 ex
207 449 267 489 his,
292 449 349 493 qui
375 449 535 487 credum3
565 446 733 492 primitiae
767 456 879 479 autem
913 447 1006 492 apud
1028 446 1106 480 illos
1128 444 1286 492 judicem-

143 510 247 553 tur3)
271 524 344 544 non
369 510 403 542 in
429 510 490 550 his,
515 509 572 553 qui
596 518 751 553 tempore
775 508 877 552 primi
900 518 993 547 sunt,
1015 509 1075 542 sed
1099 507 1159 552 qui
1181 506 1285 540 virtu-

143 573 232 606 tibus
257 582 288 605 et
311 571 438 605 meritis
469 571 690 616 praecellunt.
747 569 910 613 Quorum
942 570 1049 604 sciens
1082 582 1146 614 per
1175 569 1286 614 Spiri-

144 644 216 667 tum
232 634 359 667 Paulus
385 633 587 667 electionem
607 645 683 674 erga
698 632 925 677 Epaenetum,
950 640 981 664 et
993 630 1030 677 4)
1055 632 1151 676 quod
1173 631 1284 676 ipsum

144 711 183 730 ex
208 696 352 740 omni⁵)
382 695 536 729 fidelium
568 707 733 734 numero,
765 694 824 738 qui
848 702 943 727 erant
965 692 1000 726 in
1033 693 1132 732 Asia,
1163 692 1283 726 electio

143 758 310 792 invenerit
332 757 550 798 angelorum,
584 755 769 801 appellavit
793 768 870 788 eum
896 754 1082 800 „primitias
1094 754 1131 799 θ)
1154 753 1284 788 Asiae.“

144 820 213 853 Sed
239 830 270 853 et
294 819 329 852 in
354 819 417 852 alia
445 818 588 862 epistola
613 817 693 850 dicit
718 818 760 850 de
784 817 1006 862 quibusdam:
1038 817 1138 860 „quia
1153 816 1187 860 7)
1218 815 1285 849 sint

142 882 315 927 primitiae
340 879 529 924 Achai-‘lest‘
555 880 699 912 eandem
723 878 794 912 sine
819 879 926 912 dubio
951 878 1154 912 sacramenti
1178 877 1284 910 ratio-

142 957 222 976 nem
246 943 345 976 etiam
370 942 405 974 in
432 941 494 975 illis
519 941 717 985 adspiciens.

232 1005 287 1038 20.
311 1002 534 1047 „Sal11tate⁸)
559 1002 716 1042 Mariam,
742 1015 826 1047 quae
842 1002 987 1035 multum
1006 1000 1176 1034 laboravit
1198 999 1284 1042 in9)

143 1067 273 1102 vobis.“
319 1066 434 1098 Docet
459 1074 490 1098 et
514 1064 549 1097 in
574 1065 660 1104 hoc,
685 1064 811 1097 debere
835 1063 933 1096 etiam
958 1063 1100 1096 seminas
1123 1062 1284 1095 laborare

143 1144 208 1176 pro
234 1127 379 1162 ecclesiis
403 1127 480 1160 Dei.
527 1127 614 1159 Nam
641 1126 743 1170 et¹⁰)
768 1126 945 1166 laborant,
981 1139 1059 1158 cum
1085 1125 1211 1158 docent
1227 1122 1282 1167 ¹¹)

144 1190 414 1225 adolescentulas
437 1188 567 1222 sobrias
591 1201 677 1228 esse,
703 1187 844 1228 diligere
867 1187 973 1228 viros,
1005 1186 1093 1220 filios
1124 1184 1284 1225 enutrire,

142 1254 287 1299 pudicas
311 1265 390 1291 esse,
415 1260 528 1290 castas,
554 1251 698 1283 domurn
721 1250 809 1282 bene
825 1258 985 1291 regentes,
1008 1248 1181 1290 benignas,
1203 1247 1283 1280 sub-

143 1316 228 1349 ditas
254 1314 329 1348 viris
352 1313 430 1353 suis,
459 1312 606 1358 hospitio
622 1312 678 1357 ¹²)
703 1312 865 1357 recipere,
888 1319 1085 1344 sanctorum
1107 1309 1211 1354 pedes
1234 1309 1284 1341 la—

239 1461 273 1505 ¹)
297 1461 384 1496 Msc.
400 1460 478 1499 Reg.
494 1471 588 1490 num.
599 1456 697 1491 1639.
709 1455 832 1497 „nisisi
847 1455 975 1500 aliquid
989 1453 1228 1499 profundius.“
1241 1452 1280 1485 R.

236 1518 274 1561 ²)
300 1516 428 1549 Omnes
453 1515 532 1547 Mss.
558 1523 589 1547 et
614 1512 694 1545 editi
719 1513 766 1557 (V.
794 1525 820 1544 c.
846 1513 922 1544 edd.
947 1510 1031 1555 M.):
1064 1522 1198 1550 „sermo
1223 1509 1284 1542 iste

143 1563 344 1605 significat;“
368 1563 425 1594 sed
452 1560 574 1593 rectius
600 1558 777 1590 Rabanus:
800 1556 1016 1598 „significet.“
1042 1555 1082 1588 R.

236 1618 273 1664 ³)
298 1618 391 1650 Editi
416 1617 462 1662 (e.
488 1630 514 1649 c.
537 1616 612 1648 edd.
632 1614 717 1657 M.):
742 1611 958 1657 „judicentur
973 1610 1077 1656 (Msc.
1092 1610 1173 1652 Reg.
1188 1623 1282 1642 num.

144 1664 242 1700 1639.
263 1661 501 1707 judicantur)
533 1674 606 1693 non
639 1660 672 1692 hi
709 1658 779 1703 (ed.
816 1658 865 1691 Μ.
897 1657 922 1690 Ι.
948 1657 1054 1690 male:
1085 1656 1182 1700 his),
1224 1653 1281 1699 qui

143 1713 320 1755 tempore“
345 1718 403 1741 ete.
764 1734 767 1735 ⁷

235 1765 272 1810 4)
299 1765 356 1798 Sic
381 1776 499 1797 omnes
523 1761 602 1794 Mss.
628 1770 659 1794 et
683 1759 762 1793 editi
786 1759 832 1804 (e.
859 1772 889 1794 c.
913 1758 988 1791 edd.
1014 1757 1182 1803 Mcrlini).
1212 1757 1282 1797 Ra-

142 1812 251 1845 banus
275 1823 372 1843 vero:
397 1822 459 1849 „eo
485 1808 599 1852 qu0d⁴‘
624 1816 687 1839 etc.
712 1805 752 1837 R.

238 1866 274 1908 ⁵)
298 1865 386 1900 Edd.
411 1864 568 1897 Merlini:
594 1862 760 1896 omnium.

235 1921 273 1966 6)
300 1921 369 1954 Cfr.
394 1921 494 1953 Rom.
526 1919 618 1959 XVI,
639 1919 671 1952 5.

237 1978 275 2022 ⁷)
300 1978 316 2010 I
341 1976 421 2010 Cor.
446 1976 542 2015 XVI,
566 1976 618 2009 15.
643 1994 685 2000 —-
709 1973 799 2006 Edd.
824 1971 982 2005 Merlini:
1018 1971 1096 2016 quia
1119 1980 1197 2005 sunt
1221 1979 1280 2003 etc.

236 2034 275 2079 8)
300 2034 400 2067 Rom.
425 2032 518 2073 XVI,
541 2032 572 2065 6.
598 2031 675 2064 coll.
700 2031 775 2063 cdd.
790 2030 832 2063 N.
853 2029 894 2061 Τ.
919 2038 950 2061 et
974 2040 1048 2073 pag.
1074 2026 1142 2072 huj.
1165 2036 1237 2061 not.
1249 2026 1280 2060 9.

234 2088 271 2134 9)
295 2090 386 2124 Editi
418 2090 465 2135 (e.
493 2101 519 2121 c.
545 2089 622 2121 edd.
646 2086 734 2131 M),
768 2095 799 2119 et
828 2086 913 2119 Msc.
946 2085 1026 2127 Reg.
1057 2096 1150 2116 num.
1182 2082 1280 2118 1639.

143 2137 200 2179 „in
225 2137 356 2169 nobis.“
382 2135 421 2168 R.

215 2192 272 2237 ¹⁰)
296 2195 401 2226 Deest
423 2195 496 2231 „et⁴‘
520 2190 555 2223 in
580 2190 631 2222 ed.
655 2189 705 2221 M.
730 2188 771 2223 II.
863 2187 921 2232 ¹¹)
947 2186 1016 2220 Csr.
1042 2185 1108 2218 Tit.
1127 2184 1169 2224 Π,
1192 2183 1222 2218 4.
1247 2183 1278 2218 5.

215 2249 273 2294 ¹²)
299 2248 369 2283 Csr.
395 2248 409 2280 I
435 2247 585 2281 Timoth.
609 2246 651 2286 V,
676 2246 729 2280 10.
