1377 2454
157 70 202 105 72
430 69 607 104 Ome-ems
631 81 666 105 m
689 71 752 105 ΕΡ.
777 79 823 105 An
849 71 1026 105 Rommos

160 158 293 192 dicatur
315 159 460 201 inimica,
485 171 518 195 et
538 162 603 205 legi
628 161 724 207 ejus?
770 161 813 195 Ei
837 160 973 200 scilicet,
999 173 1087 206 quae
1109 161 1297 195 secundum

162 220 318 265 spiritum
345 231 410 262 est,
434 237 506 256 non
532 234 580 257 est
610 223 779 270 subjecta,
810 236 873 256 nec
905 232 1018 267 potest
1040 221 1177 269 subjici:
1210 222 1298 267 quia,

162 283 247 316 sicut
271 285 439 318 contraria
469 285 533 318 sibi
562 295 641 318 sunt
672 299 765 318 mors
790 294 821 318 et
843 285 926 324 vita,
957 285 1002 318 ita
1028 284 1196 317 contraria
1220 293 1299 317 sunt

165 343 228 376 sibi
252 344 348 378 litera
373 346 500 392 legis')
527 346 700 387 occidens,
735 360 820 392 quae
852 356 884 379 et
913 346 1075 391 sapientia
1108 345 1215 379 camis
1241 354 1299 384 est,
1341 361 1343 363 ·

167 414 200 438 et
224 406 358 451 spiritus
383 408 562 448 vivificam,
588 409 645 453 qui
670 422 747 441 vere
771 409 821 441 lex
847 408 913 441 Dei
940 417 996 440 est.
1021 407 1113 451 „Qui
1126 407 1163 452 ²)
1187 416 1301 440 autem

164 466 201 500 in
228 481 327 501 carne
351 479 446 510 sunt,
478 471 556 503 Deo
581 471 714 514 placere
739 484 810 503 non
837 479 988 514 possunt.
1024 470 1101 502 Vos
1120 478 1232 501 autem
1265 467 1302 500 in

166 542 267 563 carne
293 544 364 563 nou
390 531 475 571 estis,
500 533 556 565 sed
584 533 617 565 in
644 532 780 577 spiritu:
806 531 832 565 si
856 541 968 563 tamen
991 531 1135 575 Spiritus
1151 529 1218 563 Dei
1241 530 1302 562 ha-

165 590 251 623 bitat
281 592 316 624 in
349 593 476 627 vobis.“
522 594 653 627 Eadem
683 595 847 638 perdurat
876 592 1106 634 intelligentia.
1161 590 1303 635 ,‚Qui³)

165 651 201 684 in
227 666 327 686 carne
351 660 464 694 sunt‚“
498 655 624 700 inquit,
650 657 715 688 hoc
741 665 804 694 est,
832 654 889 699 qui
903 654 938 698 ⁴)
962 655 1148 687 secundum
1174 652 1305 686 literam

164 725 355 759 sequuntur
377 717 495 759 legem,
517 717 595 749 Deo
621 718 776 761 „placere
799 730 871 749 non
895 720 1067 760 possunt.“
1113 716 1189 748 Hoc
1215 713 1305 747 enirn

167 776 248 821 et5)
275 777 356 810 olim
381 791 443 822 per
466 780 600 811 Esaiam
624 778 883 823 pronuntiatum
917 787 965 810 est
988 791 1006 809 a
1032 777 1125 816 Deo,
1150 790 1228 809 cum
1254 775 1305 808 di—

169 837 229 870 cit:
253 837 466 885 „jejunia-,⁶0
503 849 534 873 et
558 840 673 880 serias,
709 850 740 873 et
765 840 854 872 diem
879 852 1039 881 magnum
1065 847 1211 871 vestrum
1234 850 1307 870 non

167 899 334 933 sustineo:
360 901 573 940 neomenias,
607 911 638 934 et
670 903 809 934 sabbata
834 910 940 934 vestra
968 900 1041 933 odit
1064 900 1173 932 anima
1200 902 1308 932 mea.“

169 961 239 993 Sed
265 971 296 993 et
319 963 480 1007 ‚‚vos‚“⁷)
506 963 625 1007 inquit,
648 963 686 995 in
699 963 735 1007 E⁴)
762 962 884 1007 quibus
909 961 1054 1006 Spiritus
1078 961 1145 994 Dei
1170 961 1308 1000 habitat,

171 1021 198 1054 si
224 1031 336 1055 tamen
363 1024 499 1064 habitat,
525 1024 560 1056 in
583 1038 705 1064 „carne
721 1037 793 1057 non
819 1023 903 1063 estis,
930 1022 1042 1055 sedin
1066 1022 1218 1067 spiritu‚“
1242 1023 1309 1054 hoc

171 1092 228 1122 est,
253 1098 326 1117 non
351 1084 605 1128 intelligentiam
632 1087 800 1118 carnalem
826 1084 906 1126 legis
930 1083 1130 1128 sequimini,
1158 1084 1217 1117 sed
1241 1083 1310 1128 spi-

171 1145 343 1185 ritualem,
376 1161 438 1192 per
470 1161 572 1192 quam
596 1147 729 1180 venistis
755 1147 797 1179 ad
823 1145 987 1190 Spiritum
1011 1145 1251 1185 vivificantem,
1283 1143 1310 1177 si

172 1216 285 1240 tamen
318 1218 410 1241 actus
434 1209 533 1241 vestri
566 1209 648 1241 tales
673 1208 738 1241 sint
763 1218 794 1241 et
820 1207 1048 1247 conversatio,
1085 1215 1122 1239 ut
1145 1206 1311 1251 Spiritum

170 1268 237 1300 Dei
262 1269 297 1301 in
321 1271 416 1303 vobis
451 1272 576 1303 habere
608 1269 816 1303 mereamini.
864 1270 903 1301 In
937 1269 1020 1301 duas
1045 1281 1141 1310 ergo,
1166 1277 1204 1300 ut
1229 1267 1313 1301 dixi-

171 1331 311 1375 mus‚⁹)
345 1341 456 1376 partes
489 1332 640 1365 dividens
665 1333 772 1372 legem
797 1330 915 1370 Mosis‚
948 1330 984 1362 id
1017 1338 1074 1369 est,
1098 1329 1134 1361 in
1157 1328 1312 1373 spiritum

172 1401 204 1423 et
229 1405 374 1433 carnem,
401 1407 486 1437 quae
510 1402 588 1426 sunt
612 1393 758 1437 spiritus,
786 1412 826 1418 -
853 1405 954 1436 quam
982 1400 1014 1423 et
1029 1390 1238 1435 spirituiilem
1263 1390 1313 1422 le-

171 1465 247 1495 gem
273 1455 451 1498 appellavit
477 1475 529 1494 -,
553 1454 653 1487 nobis
678 1453 832 1487 tradidit:
867 1466 953 1497 quae
984 1465 1064 1484 vero
1092 1451 1199 1484 camis
1225 1459 1314 1491 sunt,

173 1515 364 1549 carnalibus
396 1515 535 1549 Judaeis
567 1516 713 1560 reliquit.
768 1515 823 1549 Sic
859 1515 1007 1559 denique
1039 1523 1071 1546 et
1096 1504 1183 1545 iliud
1207 1512 1312 1544 inter-

172 1586 323 1620 pretatus
347 1588 395 1611 cst
419 1579 461 1610 de
486 1578 679 1618 Abraham,
705 1591 782 1610 cum
808 1576 903 1610 dixit:
936 1576 1016 1616 „sed
1032 1574 1088 1620 ¹⁰)
1112 1574 1140 1608 is
1166 1573 1313 1618 quidem,

175 1684 327 1715 cundum
352 1685 506 1728 spiritum
533 1694 597 1722 est,
621 1698 692 1717 non
719 1697 787 1718 esse
812 1681 973 1728 subjecta,
999 1695 1061 1715 nec
1085 1692 1185 1726 posse
1209 1677 1316 1725 subji-

177 1727 230 1760 ci?
258 1728 348 1771 Quia
373 1730 477 1762 sicut“
502 1740 562 1763 etc.
589 1731 628 1764 R.
895 1727 899 1733 ⁵

272 1784 305 1829 ¹)
334 1785 526 1830 Desunt-iu
552 1785 647 1818 editis
672 1785 719 1829 (v.
746 1798 772 1818 c.
798 1784 832 1817 in
859 1783 936 1816 edd.
960 1781 1030 1825 Μ.)
1061 1781 1181 1813 verba:
1214 1779 1315 1822 „legis

178 1828 367 1863 occidensf‘
394 1831 431 1863 R.

270 1885 306 1929 2)
332 1887 431 1920 Rom.
458 1887 549 1926 VIII,
574 1888 604 1922 8.
629 1886 660 1920 9.
756 1885 793 1929 3)
818 1885 919 1917 Rom.
945 1883 1038 1922 VIII,
1061 1882 1092 1916 8.

273 1941 309 1985 4)
335 1942 439 1975 Deest
463 1943 564 1987 ‚‚qui“
588 1943 622 1974 in
651 1943 701 1974 ed.
726 1942 775 1975 M.
803 1941 843 1973 Π.

272 1998 308 2042 ⁵)
334 1999 437 2031 Deest
460 2004 534 2038 „et“
559 1998 592 2030 in
619 1999 694 2031 edd.
719 1997 767 2030 M.
862 1995 900 2040 6)
925 1995 1026 2028 Jcsai.
1056 1995 1081 2034 I,
1107 1993 1158 2027 13.
1176 1993 1228 2029 14.

273 2055 309 2097 7)
334 2056 434 2087 Rom.
459 2055 552 2094 vm,
577 2055 609 2088 9.
943 2042 946 2046 ’

272 2110 308 2152 8)
336 2111 425 2143 Alias
449 2111 497 2155 (v,
525 2124 552 2143 c.
576 2110 611 2142 in
638 2107 814 2152 e‹l‹l.M.):
839 2106 894 2146 „in
921 2106 1042 2151 quibus
1067 2105 1195 2138 habitat
1219 2103 1316 2149 spiri-

181 2165 244 2196 tus,
269 2155 295 2188 si
320 2161 453 2188 tnmen“
480 2165 540 2188 etc.
564 2156 604 2188 R.

274 2212 310 2255 9)
334 2213 422 2245 Edd.
448 2211 604 2245 NIerlini:
630 2220 667 2243 ut
692 2209 768 2243 dixi.

257 2267 312 2311 10)
340 2268 449 2301 Galat.
476 2268 532 2308 lV,
557 2268 609 2303 23.
635 2267 687 2301 29.
713 2288 758 2296 --
782 2265 869 2299 Edd.
894 2263 1050 2298 Mcrlini:
1076 2264 1119 2296 dc
1144 2262 1260 2295 libera.
