1320 2444
307 79 662 114 COMMENTAmoRuM
686 80 759 112 Lm.
783 80 842 113 IX.
1073 81 1139 116 351

10 173 138 212 vixisse,
169 180 206 204 ut
233 180 453 204 mortuorum
478 180 509 203 et
531 170 684 203 w‘vorum
718 169 931 203 dominetur:
965 171 1058 216 quasi
1082 171 1141 216 qui

9 236 75 268 hoc
110 232 238 266 dederit
273 233 548 275 intelligendum,
580 232 692 275 quod,
726 232 788 265 nisi
830 242 984 265 mortuus
1015 233 1138 273 fuisses,

8 304 222 329 mortuorum
250 293 463 327 dominatum
489 307 561 326 non
585 294 770 334 habuissem
801 303 832 326 ct
855 294 918 327 nisi
943 304 1020 338 post
1042 308 1138 327 mor-

5 366 71 391 tem
96 369 228 389 rursum
246 355 280 399 ¹)
304 356 450 395 vixisset,
472 369 544 388 non
567 355 727 388 tenuisset
750 355 1020 388 dominationem
1044 356 1138 388 vivo-

5 429 90 451 rum.
137 417 205 450 Sed
230 418 274 450 ad
297 417 379 450 haec
402 416 447 449 ita
471 418 748 461 respondendum
773 426 867 461 puto.
925 417 1073 450 Duobus
1097 430 1136 449 ex

3 477 114 511 modis
148 486 278 511 constat
308 479 343 511 in
377 492 514 511 omnem
550 488 735 511 creaturam
772 478 896 511 Christi
935 479 1135 511 dominatio.

4 538 142 584 Uno‚²)
170 552 233 583 per
255 552 355 583 quem
382 550 418 573 ut
449 549 581 573 creator
612 540 765 572 omnium
801 549 831 572 et
854 549 1053 583 potestatem
1080 553 1136 581 gc-

3 614 78 634 rens
98 600 344 641 universorum,
369 601 400 633 vi
425 601 601 647 majestatis
627 602 704 645 et3)
728 601 931 634 necessitato
961 602 1135 645 potentiae

4 662 105 695 habet
130 671 249 695 cuncta
263 662 424 708 subjecta,
448 676 511 708 per
528 676 627 707 quem
646 664 790 695 modum
816 676 886 695 non
904 664 1015 696 solum
1036 664 1137 696 bonis

4 733 35 757 et
55 724 177 757 sanctis
202 725 372 757 mentibus
395 738 433 757 ac
456 723 628 768 spiritibus
649 724 856 764 dominatur,
878 738 994 758 verum
1021 734 1053 758 et
1075 740 1135 759 ne—

2 798 114 830 quam,
139 794 171 817 et
194 785 333 827 refugis,
366 795 397 818 et
429 787 489 826 his,
517 800 603 831 quos
628 787 805 831 Scriptura
831 786 943 819 divina
968 787 1135 829 malignos

1 846 184 891 angelos4)
208 849 399 892 appellavit.
446 848 629 893 Idcirco⁵)
664 849 751 881 enim
780 857 811 881 et
837 849 1060 888 omnitenens‚
1082 850 1134 882 vel

2 908 219 954 omnipotens
244 910 385 950 dicitur,
413 911 599 943 secundum
634 911 729 954 quod
752 912 902 943 Joannes
927 910 1078 951 designat
1099 911 1134 944 in

0 970 218 1016 Apocalypsi,
244 971 372 1004 dicens:
397 972 501 1012 „haec
517 971 552 1015 6)
587 971 668 1004 dicit
691 972 749 1015 qui
774 981 834 1011 est,
860 981 892 1004 et
916 971 973 1016 qui
999 981 1078 1012 erat,
1104 982 1135 1005 et

0 1032 57 1076 qui
80 1041 238 1065 venturus
264 1042 319 1072 est,
345 1033 595 1078 omnipotens.“
629 1032 694 1065 Hic
716 1046 794 1074 ergo
820 1047 907 1065 unus
932 1042 978 1065 est
1000 1035 1134 1074 modus,

0 1107 67 1137 quo
94 1093 244 1126 Christus
268 1095 428 1128 omnihus
453 1094 657 1127 dominatur.
711 1094 854 1137 Alius7)
877 1107 956 1127 vero
983 1105 1038 1134 est,
1063 1109 1132 1139 quo

0 1163 160 1199 tanquam
186 1156 297 1188 bonus
323 1166 354 1188 et
378 1156 461 1188 boni
486 1156 593 1189 Patris
617 1156 722 1189 Filius
746 1170 816 1189 non
848 1158 918 1189 vult
948 1158 1133 1191 rationabi-

0 1217 42 1249 [es
65 1217 199 1261 spiritus
223 1218 265 1249 ad
291 1217 520 1250 obedientiam
545 1218 624 1260 legis
655 1231 734 1250 suae
765 1219 929 1251 violenter
950 1218 1133 1259 inflectere,

89 1356 123 1400 ¹)
148 1356 236 1390 Edd.
260 1356 417 1390 Merllni:
442 1371 555 1391 rursus
579 1358 716 1392 vixisset.

87 1411 124 1453 ²)
150 1412 232 1445 Msc.
268 1413 347 1454 Reg.
381 1428 473 1447 num.
508 1415 605 1448 1639.
651 1415 770 1453 „Unus
795 1424 850 1454 est,
876 1428 937 1459 per
962 1428 1062 1459 quem
1088 1435 1130 1441 —

0 1470 72 1489 mae
95 1456 259 1501 majestati
293 1471 331 1490 ex
365 1459 558 1492 necessitate
588 1461 783 1503 potentiae“
816 1470 876 1493 etc.
930 1460 998 1492 Sed
1033 1461 1130 1492 ceteri

0 1502 83 1541 Mss.,
110 1503 280 1543 Rabanus,
305 1512 337 1535 et
362 1504 440 1536 editi
454 1505 501 1548 (v.
526 1518 551 1536 c.
567 1505 642 1537 edd.
660 1505 729 1547 M.)
753 1516 789 1537 ut
813 1504 847 1537 In
880 1515 997 1538 nostro
1031 1514 1131 1546 textu,

0 1546 57 1579 nisi
82 1548 174 1590 quod
201 1547 279 1591 (cfr.
304 1562 336 1592 p.
361 1547 429 1593 huj.
454 1558 525 1582 not.
556 1550 608 1593 3.)
649 1551 855 1593 posteriores
886 1550 1018 1595 (itcmq.
1052 1551 1130 1583 edd.

0 1591 62 1635 M.)
88 1592 248 1625 habeant:
273 1603 402 1632 „cetera
426 1593 607 1638 subjecta.“
631 1594 671 1626 Ρι.

85 1647 121 1691 3)
148 1647 236 1680 Edd.
265 1648 418 1682 Merlini:
450 1659 502 1689 „et
535 1649 706 1694 potentiae
737 1650 950 1684 necessitate“
975 1661 1034 1683 cte.
1060 1650 1129 1683 Cfr.

0 1704 64 1736 pag.
89 1691 158 1737 huj.
183 1702 252 1727 not.
275 1694 306 1726 2.

87 1746 122 1792 ⁴)
150 1747 220 1782 Csr.
244 1750 325 1783 Luc.
351 1749 443 1788 VIII,
464 1751 495 1783 2.

84 1803 121 1847 ⁵)
145 1804 237 1838 Editi
262 1805 309 1850 (v,
337 1818 362 1838 c.
397 1806 472 1838 edd.
503 1804 590 1850 M.):
623 1806 776 1846 „Idcirco
815 1807 916 1847 igitur
955 1817 987 1840 et
1017 1809 1129 1841 omni-

0 1859 123 1888 tenens,
155 1859 187 1882 et
219 1851 458 1895 omnipotens“
491 1861 550 1884 etc.
608 1851 656 1884 Ita
689 1852 788 1884 etiam
812 1852 897 1885 Msc.
928 1853 1009 1894 Reg.
1034 1868 1128 1886 num.

0 1892 100 1932 [639.,
121 1893 184 1927 nisi
209 1897 303 1939 quod
330 1897 460 1928 omittat
483 1896 634 1937 ‚,igitur.“
683 1897 752 1930 Sed
778 1897 877 1931 ceteri
901 1898 980 1932 les.
1008 1908 1038 1931 ct
1061 1899 1129 1932 Ra-

0 1949 98 1971 wanus
122 1949 160 1972 ut
182 1940 217 1972 in
241 1949 342 1974 textu.
368 1942 407 1974 R.

83 1994 120 2037 6>
143 1996 287 2038 Apocal.
313 1996 338 2036 Ι,
364 1997 396 2031 8.

83 2047 120 2092 ⁷)
144 2049 227 2083 Msc.
262 2051 342 2092 Reg.
373 2067 468 2087 num.
500 2055 597 2089 1639.
628 2055 745 2096 „Alius
777 2069 855 2088 vero
889 2066 936 2089 est
967 2066 1127 2101 tanquam

0 2096 123 2126 'nonum
149 2104 179 2127 et
201 2096 285 2129 boni
311 2097 416 2131 Patris
440 2099 567 2133 Filium
591 2115 662 2134 non
686 2102 772 2133 ultra
799 2121 839 2125 ——-
864 2102 1044 2141 inflectere,
1068 2104 1127 2135 sed

0 2148 192 2182 exspectare,
217 2150 253 2172 ut
276 2153 398 2186 sponte
424 2144 568 2185 veniant,
595 2156 631 2179 ut
653 2167 698 2172 -—
723 2156 902 2189 quaerant,
939 2156 970 2178 et
998 2168 1034 2171 —
1062 2147 1127 2179 im-

0 2185 156 2226 perando,
180 2184 356 2220 invitando
382 2189 493 2232 potius
518 2203 619 2234 quam
639 2192 874 2235 extorquendo
892 2193 1128 2235 persuadere.“

0 2226 60 2261 Sed
84 2230 183 2262 ceteri
208 2230 299 2272 Mss„
324 2231 503 2275 Rabanus,
537 2245 568 2268 et
601 2237 680 2271 editi
704 2237 753 2282 (v.
787 2250 813 2270 c.
839 2236 913 2269 edd.
938 2236 1007 2281 M.)
1031 2246 1068 2270 ut
1090 2236 1125 2270 in

0 2281 105 2306 :ostro
130 2283 228 2310 textu.
254 2276 294 2310 R.
