<?xml version="1.0" encoding="UTF-8"?>
<!DOCTYPE html PUBLIC "-//W3C//DTD XHTML 1.0 Transitional//EN"
    "http://www.w3.org/TR/xhtml1/DTD/xhtml1-transitional.dtd">
<html xmlns="http://www.w3.org/1999/xhtml" xml:lang="en" lang="en">
 <head>
  <title>
</title>
<meta http-equiv="Content-Type" content="text/html;charset=utf-8" />
  <meta name='ocr-system' content='tesseract 3.04.00' />
  <meta name='ocr-capabilities' content='ocr_page ocr_carea ocr_par ocr_line ocrx_word'/>
</head>
<body>
  <div class='ocr_page' id='page_1' title='image "./operaomniaquaegr07orig/operaomniaquaegr07orig_0443.png"; bbox 0 0 1320 2444; ppageno 0'>
   <div class='ocr_carea' id='block_1_1' title="bbox 349 48 1183 84">
    <p class='ocr_par' dir='ltr' id='par_1_1' title="bbox 349 48 1183 84">
     <span class='ocr_line' id='line_1_1' title="bbox 349 48 1183 84; baseline 0.001 -1"><span class='ocrx_word' id='word_1_1' title='bbox 349 48 700 83; x_wconf 73' lang='lat' dir='ltr'><strong>COMMENTARIORUM</strong></span> <span class='ocrx_word' id='word_1_2' title='bbox 725 48 797 82; x_wconf 82' lang='lat' dir='ltr'>Lm.</span> <span class='ocrx_word' id='word_1_3' title='bbox 822 48 866 81; x_wconf 86' lang='lat' dir='ltr'>X.</span> <span class='ocrx_word' id='word_1_4' title='bbox 1117 50 1183 84; x_wconf 77' lang='lat'>425</span> 
     </span>
    </p>
   </div>
   <div class='ocr_carea' id='block_1_2' title="bbox 42 138 1194 1288">
    <p class='ocr_par' dir='ltr' id='par_1_2' title="bbox 42 138 1194 1288">
     <span class='ocr_line' id='line_1_2' title="bbox 139 138 1182 184; baseline -0.001 -11"><span class='ocrx_word' id='word_1_5' title='bbox 139 139 190 173; x_wconf 86' lang='grc'>15.</span> <span class='ocrx_word' id='word_1_6' title='bbox 215 138 443 183; x_wconf 84' lang='lat' dir='ltr'>Deprecor¹)</span> <span class='ocrx_word' id='word_1_7' title='bbox 475 138 623 183; x_wconf 79' lang='lat' dir='ltr'>igitur2)</span> <span class='ocrx_word' id='word_1_8' title='bbox 647 152 723 179; x_wconf 85' lang='lat' dir='ltr'>vos,</span> <span class='ocrx_word' id='word_1_9' title='bbox 751 141 886 180; x_wconf 81' lang='lat' dir='ltr'>fratres,</span> <span class='ocrx_word' id='word_1_10' title='bbox 909 152 972 184; x_wconf 88' lang='lat' dir='ltr'>per</span> <span class='ocrx_word' id='word_1_11' title='bbox 989 139 1182 172; x_wconf 87' lang='lat' dir='ltr'>Dominum</span> 
     </span>
     <span class='ocr_line' id='line_1_3' title="bbox 49 199 1182 245; baseline -0.001 -11"><span class='ocrx_word' id='word_1_12' title='bbox 49 210 203 234; x_wconf 83' lang='lat' dir='ltr'>nostrum</span> <span class='ocrx_word' id='word_1_13' title='bbox 228 200 396 244; x_wconf 79' lang='lat' dir='ltr'>Jesum3)</span> <span class='ocrx_word' id='word_1_14' title='bbox 420 199 603 242; x_wconf 74' lang='lat' dir='ltr'>Christum,</span> <span class='ocrx_word' id='word_1_15' title='bbox 629 209 660 232; x_wconf 90' lang='lat' dir='ltr'>et</span> <span class='ocrx_word' id='word_1_16' title='bbox 684 213 746 244; x_wconf 89' lang='lat' dir='ltr'>per</span> <span class='ocrx_word' id='word_1_17' title='bbox 769 201 939 234; x_wconf 80' lang='lat' dir='ltr'>caritatem</span> <span class='ocrx_word' id='word_1_18' title='bbox 967 201 1121 245; x_wconf 77' lang='lat' dir='ltr'>Spiritus,</span> <span class='ocrx_word' id='word_1_19' title='bbox 1144 211 1182 233; x_wconf 87' lang='lat' dir='ltr'>ut</span> 
     </span>
     <span class='ocr_line' id='line_1_4' title="bbox 50 260 1180 307; baseline 0.001 -13"><span class='ocrx_word' id='word_1_20' title='bbox 50 260 211 307; x_wconf 78' lang='lat' dir='ltr'>adjuvetis</span> <span class='ocrx_word' id='word_1_21' title='bbox 247 275 301 295; x_wconf 84' lang='lat' dir='ltr'>me</span> <span class='ocrx_word' id='word_1_22' title='bbox 333 263 368 296; x_wconf 86' lang='lat' dir='ltr'>in</span> <span class='ocrx_word' id='word_1_23' title='bbox 402 262 613 296; x_wconf 72' lang='lat' dir='ltr'>orationibus</span> <span class='ocrx_word' id='word_1_24' title='bbox 637 262 680 294; x_wconf 80' lang='lat' dir='ltr'>ad</span> <span class='ocrx_word' id='word_1_25' title='bbox 704 261 829 302; x_wconf 87' lang='lat' dir='ltr'>Deum,</span> <span class='ocrx_word' id='word_1_26' title='bbox 853 272 890 294; x_wconf 86' lang='lat' dir='ltr'>ut</span> <span class='ocrx_word' id='word_1_27' title='bbox 913 262 1038 295; x_wconf 82' lang='lat' dir='ltr'>liberer</span> <span class='ocrx_word' id='word_1_28' title='bbox 1061 263 1102 295; x_wconf 80' lang='lat' dir='ltr'>ab</span> <span class='ocrx_word' id='word_1_29' title='bbox 1126 262 1180 295; x_wconf 91' lang='lat' dir='ltr'>in-</span> 
     </span>
     <span class='ocr_line' id='line_1_5' title="bbox 49 322 1181 368; baseline 0.001 -13"><span class='ocrx_word' id='word_1_30' title='bbox 49 322 204 362; x_wconf 75' lang='lat' dir='ltr'><strong>credulis,</strong></span> <span class='ocrx_word' id='word_1_31' title='bbox 228 323 285 368; x_wconf 87' lang='lat' dir='ltr'>qui</span> <span class='ocrx_word' id='word_1_32' title='bbox 317 333 396 357; x_wconf 87' lang='lat' dir='ltr'>sunt</span> <span class='ocrx_word' id='word_1_33' title='bbox 425 324 460 356; x_wconf 85' lang='lat' dir='ltr'>in</span> <span class='ocrx_word' id='word_1_34' title='bbox 491 324 641 363; x_wconf 79' lang='lat' dir='ltr'>Judaea‚</span> <span class='ocrx_word' id='word_1_35' title='bbox 674 333 705 356; x_wconf 79' lang='lat' dir='ltr'>et</span> <span class='ocrx_word' id='word_1_36' title='bbox 729 323 951 357; x_wconf 83' lang='lat' dir='ltr'>ministerium</span> <span class='ocrx_word' id='word_1_37' title='bbox 977 325 1042 356; x_wconf 90' lang='lat' dir='ltr'>hoc</span> <span class='ocrx_word' id='word_1_38' title='bbox 1067 337 1181 356; x_wconf 86' lang='lat' dir='ltr'>meum</span> 
     </span>
     <span class='ocr_line' id='line_1_6' title="bbox 48 384 1181 431; baseline 0.002 -15"><span class='ocrx_word' id='word_1_39' title='bbox 48 394 224 428; x_wconf 80' lang='lat' dir='ltr'>acceptum</span> <span class='ocrx_word' id='word_1_40' title='bbox 250 387 307 418; x_wconf 82' lang='lat' dir='ltr'>fiat</span> <span class='ocrx_word' id='word_1_41' title='bbox 330 385 449 419; x_wconf 83' lang='lat' dir='ltr'>sanctis</span> <span class='ocrx_word' id='word_1_42' title='bbox 480 385 514 418; x_wconf 89' lang='lat' dir='ltr'>in</span> <span class='ocrx_word' id='word_1_43' title='bbox 539 384 803 431; x_wconf 66' lang='lat' dir='ltr'>Hierosolymis,</span> <span class='ocrx_word' id='word_1_44' title='bbox 838 395 873 418; x_wconf 89' lang='lat' dir='ltr'>ut</span> <span class='ocrx_word' id='word_1_45' title='bbox 897 386 1032 419; x_wconf 86' lang='lat' dir='ltr'>veniens</span> <span class='ocrx_word' id='word_1_46' title='bbox 1055 387 1098 418; x_wconf 76' lang='lat' dir='ltr'>ad</span> <span class='ocrx_word' id='word_1_47' title='bbox 1122 399 1181 418; x_wconf 87' lang='lat' dir='ltr'>vos</span> 
     </span>
     <span class='ocr_line' id='line_1_7' title="bbox 47 445 1182 490; baseline 0 -12"><span class='ocrx_word' id='word_1_48' title='bbox 47 445 82 478; x_wconf 77' lang='lat' dir='ltr'>in</span> <span class='ocrx_word' id='word_1_49' title='bbox 108 446 231 486; x_wconf 76' lang='lat' dir='ltr'>gaudio</span> <span class='ocrx_word' id='word_1_50' title='bbox 258 460 334 479; x_wconf 88' lang='lat' dir='ltr'>cum</span> <span class='ocrx_word' id='word_1_51' title='bbox 362 448 537 480; x_wconf 76' lang='lat' dir='ltr'>voluntate</span> <span class='ocrx_word' id='word_1_52' title='bbox 560 445 627 478; x_wconf 83' lang='lat' dir='ltr'>Dei</span> <span class='ocrx_word' id='word_1_53' title='bbox 651 446 857 490; x_wconf 77' lang='lat' dir='ltr'>requiescam</span> <span class='ocrx_word' id='word_1_54' title='bbox 883 447 1090 480; x_wconf 80' lang='lat' dir='ltr'>vobiscum.“</span> <span class='ocrx_word' id='word_1_55' title='bbox 1127 447 1182 479; x_wconf 83' lang='lat' dir='ltr'>Li-</span> 
     </span>
     <span class='ocr_line' id='line_1_8' title="bbox 47 505 1182 553; baseline 0.003 -15"><span class='ocrx_word' id='word_1_56' title='bbox 47 514 100 538; x_wconf 81' lang='lat' dir='ltr'>cet</span> <span class='ocrx_word' id='word_1_57' title='bbox 122 505 157 538; x_wconf 87' lang='lat' dir='ltr'>in</span> <span class='ocrx_word' id='word_1_58' title='bbox 180 507 412 551; x_wconf 85' lang='lat' dir='ltr'>superioribus</span> <span class='ocrx_word' id='word_1_59' title='bbox 428 508 561 541; x_wconf 84' lang='lat' dir='ltr'>dixerit:</span> <span class='ocrx_word' id='word_1_60' title='bbox 587 507 677 547; x_wconf 89' lang='lat' dir='ltr'>„scio</span> <span class='ocrx_word' id='word_1_61' title='bbox 690 506 726 550; x_wconf 66' lang='grc'>4)</span> <span class='ocrx_word' id='word_1_62' title='bbox 744 508 844 547; x_wconf 87' lang='lat' dir='ltr'>enim,</span> <span class='ocrx_word' id='word_1_63' title='bbox 868 508 1031 553; x_wconf 84' lang='lat' dir='ltr'>quoniam</span> <span class='ocrx_word' id='word_1_64' title='bbox 1044 508 1182 541; x_wconf 85' lang='lat' dir='ltr'>veniens</span> 
     </span>
     <span class='ocr_line' id='line_1_9' title="bbox 47 568 1182 606; baseline 0.003 -7"><span class='ocrx_word' id='word_1_65' title='bbox 47 568 90 600; x_wconf 77' lang='lat' dir='ltr'>ad</span> <span class='ocrx_word' id='word_1_66' title='bbox 115 581 190 606; x_wconf 85' lang='lat' dir='ltr'>vos,</span> <span class='ocrx_word' id='word_1_67' title='bbox 214 568 247 600; x_wconf 88' lang='lat' dir='ltr'>in</span> <span class='ocrx_word' id='word_1_68' title='bbox 274 570 483 603; x_wconf 75' lang='lat' dir='ltr'>abundantia</span> <span class='ocrx_word' id='word_1_69' title='bbox 505 568 753 602; x_wconf 81' lang='lat' dir='ltr'>benedictionis</span> <span class='ocrx_word' id='word_1_70' title='bbox 785 568 909 603; x_wconf 85' lang='lat' dir='ltr'>Christi</span> <span class='ocrx_word' id='word_1_71' title='bbox 933 570 1063 602; x_wconf 81' lang='lat' dir='ltr'>veniam</span> <span class='ocrx_word' id='word_1_72' title='bbox 1076 574 1106 602; x_wconf 83' lang='lat'>:“</span> <span class='ocrx_word' id='word_1_73' title='bbox 1129 569 1182 602; x_wconf 88' lang='lat' dir='ltr'>ni-</span> 
     </span>
     <span class='ocr_line' id='line_1_10' title="bbox 46 629 1180 676; baseline 0.004 -16"><span class='ocrx_word' id='word_1_74' title='bbox 46 629 233 663; x_wconf 85' lang='lat' dir='ltr'>hilominus</span> <span class='ocrx_word' id='word_1_75' title='bbox 258 639 371 663; x_wconf 79' lang='lat' dir='ltr'>tamen</span> <span class='ocrx_word' id='word_1_76' title='bbox 396 631 523 664; x_wconf 80' lang='lat' dir='ltr'>sciebat</span> <span class='ocrx_word' id='word_1_77' title='bbox 548 630 646 663; x_wconf 74' lang='lat' dir='ltr'>etiam</span> <span class='ocrx_word' id='word_1_78' title='bbox 671 631 705 663; x_wconf 84' lang='lat' dir='ltr'>in</span> <span class='ocrx_word' id='word_1_79' title='bbox 731 631 792 671; x_wconf 88' lang='lat' dir='ltr'>his,</span> <span class='ocrx_word' id='word_1_80' title='bbox 818 645 904 676; x_wconf 77' lang='lat' dir='ltr'>quae</span> <span class='ocrx_word' id='word_1_81' title='bbox 928 632 1103 664; x_wconf 76' lang='lat' dir='ltr'>manifeste</span> <span class='ocrx_word' id='word_1_82' title='bbox 1126 633 1180 664; x_wconf 82' lang='lat' dir='ltr'>fu-</span> 
     </span>
     <span class='ocr_line' id='line_1_11' title="bbox 46 692 1180 737; baseline 0.004 -16"><span class='ocrx_word' id='word_1_83' title='bbox 46 698 121 722; x_wconf 72' lang='lat' dir='ltr'>tura</span> <span class='ocrx_word' id='word_1_84' title='bbox 147 702 361 733; x_wconf 83' lang='lat' dir='ltr'>cognoverat,</span> <span class='ocrx_word' id='word_1_85' title='bbox 388 693 578 725; x_wconf 75' lang='lat' dir='ltr'>orationem</span> <span class='ocrx_word' id='word_1_86' title='bbox 599 705 667 725; x_wconf 89' lang='grc'><strong>6556</strong></span> <span class='ocrx_word' id='word_1_87' title='bbox 689 693 927 726; x_wconf 77' lang='lat' dir='ltr'>neeessariam:</span> <span class='ocrx_word' id='word_1_88' title='bbox 954 705 1039 736; x_wconf 79' lang='lat' dir='ltr'>quae</span> <span class='ocrx_word' id='word_1_89' title='bbox 1063 692 1180 737; x_wconf 86' lang='lat' dir='ltr'>utiquc</span> 
     </span>
     <span class='ocr_line' id='line_1_12' title="bbox 44 750 1180 799; baseline 0.003 -16"><span class='ocrx_word' id='word_1_90' title='bbox 44 750 81 790; x_wconf 83' lang='lat' dir='ltr'>si,</span> <span class='ocrx_word' id='word_1_91' title='bbox 107 752 200 784; x_wconf 85' lang='lat' dir='ltr'>verbi</span> <span class='ocrx_word' id='word_1_92' title='bbox 225 766 339 794; x_wconf 76' lang='lat' dir='ltr'>causa,</span> <span class='ocrx_word' id='word_1_93' title='bbox 373 767 445 787; x_wconf 91' lang='lat' dir='ltr'>non</span> <span class='ocrx_word' id='word_1_94' title='bbox 470 754 583 787; x_wconf 86' lang='lat' dir='ltr'>fuisset</span> <span class='ocrx_word' id='word_1_95' title='bbox 607 754 776 794; x_wconf 73' lang='lat' dir='ltr'>adhibita,</span> <span class='ocrx_word' id='word_1_96' title='bbox 798 763 995 799; x_wconf 81' lang='lat' dir='ltr'>sequeretur</span> <span class='ocrx_word' id='word_1_97' title='bbox 1018 754 1090 786; x_wconf 86' lang='lat' dir='ltr'>sine</span> <span class='ocrx_word' id='word_1_98' title='bbox 1116 755 1180 786; x_wconf 82' lang='lat' dir='ltr'>du-</span> 
     </span>
     <span class='ocr_line' id='line_1_13' title="bbox 43 811 1178 860; baseline 0.004 -16"><span class='ocrx_word' id='word_1_99' title='bbox 43 811 115 851; x_wconf 82' lang='lat' dir='ltr'>hio,</span> <span class='ocrx_word' id='word_1_100' title='bbox 138 827 211 846; x_wconf 85' lang='lat' dir='ltr'>non</span> <span class='ocrx_word' id='word_1_101' title='bbox 234 813 369 859; x_wconf 85' lang='lat' dir='ltr'>impleri</span> <span class='ocrx_word' id='word_1_102' title='bbox 403 816 496 860; x_wconf 89' lang='lat' dir='ltr'>quod</span> <span class='ocrx_word' id='word_1_103' title='bbox 527 816 635 848; x_wconf 80' lang='lat' dir='ltr'>fuerat</span> <span class='ocrx_word' id='word_1_104' title='bbox 666 816 922 860; x_wconf 80' lang='lat' dir='ltr'>prophetatum.</span> <span class='ocrx_word' id='word_1_105' title='bbox 979 814 1064 858; x_wconf 83' lang='lat' dir='ltr'>Quis</span> <span class='ocrx_word' id='word_1_106' title='bbox 1099 829 1178 858; x_wconf 86' lang='lat' dir='ltr'>ergo</span> 
     </span>
     <span class='ocr_line' id='line_1_14' title="bbox 45 874 1180 921; baseline 0.004 -16"><span class='ocrx_word' id='word_1_107' title='bbox 45 882 102 913; x_wconf 89' lang='lat' dir='ltr'>est,</span> <span class='ocrx_word' id='word_1_108' title='bbox 127 874 185 918; x_wconf 91' lang='lat' dir='ltr'>qui</span> <span class='ocrx_word' id='word_1_109' title='bbox 217 875 300 908; x_wconf 81' lang='lat' dir='ltr'>haec</span> <span class='ocrx_word' id='word_1_110' title='bbox 323 877 453 918; x_wconf 79' lang='lat' dir='ltr'>legens,</span> <span class='ocrx_word' id='word_1_111' title='bbox 490 877 583 921; x_wconf 87' lang='lat' dir='ltr'>quod</span> <span class='ocrx_word' id='word_1_112' title='bbox 618 876 743 910; x_wconf 75' lang='lat' dir='ltr'>Paulus</span> <span class='ocrx_word' id='word_1_113' title='bbox 777 878 979 921; x_wconf 85' lang='lat' dir='ltr'>deprecetur</span> <span class='ocrx_word' id='word_1_114' title='bbox 1009 890 1085 917; x_wconf 89' lang='lat' dir='ltr'>eos,</span> <span class='ocrx_word' id='word_1_115' title='bbox 1121 877 1180 921; x_wconf 87' lang='lat' dir='ltr'>qui</span> 
     </span>
     <span class='ocr_line' id='line_1_15' title="bbox 44 933 1180 982; baseline 0.004 -16"><span class='ocrx_word' id='word_1_116' title='bbox 44 933 176 968; x_wconf 80' lang='lat' dir='ltr'>Romae</span> <span class='ocrx_word' id='word_1_117' title='bbox 199 945 287 975; x_wconf 87' lang='lat' dir='ltr'>sunt,</span> <span class='ocrx_word' id='word_1_118' title='bbox 310 938 427 970; x_wconf 79' lang='lat' dir='ltr'>fratres</span> <span class='ocrx_word' id='word_1_119' title='bbox 453 950 550 970; x_wconf 80' lang='lat' dir='ltr'>orare</span> <span class='ocrx_word' id='word_1_120' title='bbox 574 951 638 982; x_wconf 86' lang='lat' dir='ltr'>pro</span> <span class='ocrx_word' id='word_1_121' title='bbox 662 951 707 977; x_wconf 89' lang='lat' dir='ltr'>se,</span> <span class='ocrx_word' id='word_1_122' title='bbox 732 947 928 971; x_wconf 80' lang='lat' dir='ltr'>contemnat</span> <span class='ocrx_word' id='word_1_123' title='bbox 952 939 1002 970; x_wconf 89' lang='lat' dir='ltr'>vel</span> <span class='ocrx_word' id='word_1_124' title='bbox 1019 937 1180 982; x_wconf 82' lang='lat' dir='ltr'>despiciat</span> 
     </span>
     <span class='ocr_line' id='line_1_16' title="bbox 47 996 1178 1043; baseline 0.004 -15"><span class='ocrx_word' id='word_1_125' title='bbox 47 996 216 1030; x_wconf 79' lang='lat' dir='ltr'>orationes</span> <span class='ocrx_word' id='word_1_126' title='bbox 249 998 408 1032; x_wconf 79' lang='lat' dir='ltr'>eeclesiae</span> <span class='ocrx_word' id='word_1_127' title='bbox 430 1000 619 1043; x_wconf 79' lang='lat' dir='ltr'>postulare,</span> <span class='ocrx_word' id='word_1_128' title='bbox 656 998 754 1031; x_wconf 83' lang='lat' dir='ltr'>etiam</span> <span class='ocrx_word' id='word_1_129' title='bbox 786 999 813 1031; x_wconf 89' lang='lat' dir='ltr'>si</span> <span class='ocrx_word' id='word_1_130' title='bbox 843 999 1020 1032; x_wconf 87' lang='lat' dir='ltr'>inferiores</span> <span class='ocrx_word' id='word_1_131' title='bbox 1052 999 1178 1033; x_wconf 79' lang='lat' dir='ltr'>meritis</span> 
     </span>
     <span class='ocr_line' id='line_1_17' title="bbox 45 1058 1194 1105; baseline 0.003 -15"><span class='ocrx_word' id='word_1_132' title='bbox 45 1070 114 1091; x_wconf 90' lang='lat' dir='ltr'>esse</span> <span class='ocrx_word' id='word_1_133' title='bbox 137 1058 315 1092; x_wconf 76' lang='lat' dir='ltr'>videantur</span> <span class='ocrx_word' id='word_1_134' title='bbox 339 1060 384 1100; x_wconf 79' lang='lat' dir='ltr'>hi,</span> <span class='ocrx_word' id='word_1_135' title='bbox 408 1074 426 1092; x_wconf 80' lang='lat' dir='ltr'>a</span> <span class='ocrx_word' id='word_1_136' title='bbox 451 1061 573 1104; x_wconf 87' lang='lat' dir='ltr'>quibus</span> <span class='ocrx_word' id='word_1_137' title='bbox 599 1061 708 1094; x_wconf 81' lang='lat' dir='ltr'>oratio</span> <span class='ocrx_word' id='word_1_138' title='bbox 734 1060 946 1105; x_wconf 82' lang='lat' dir='ltr'>postulatur?</span> <span class='ocrx_word' id='word_1_139' title='bbox 971 1060 1061 1093; x_wconf 87' lang='lat' dir='ltr'>Ecce</span> <span class='ocrx_word' id='word_1_140' title='bbox 1086 1061 1194 1103; x_wconf 35' lang='lat' dir='ltr'>enim,-</span> 
     </span>
     <span class='ocr_line' id='line_1_18' title="bbox 42 1118 1176 1167; baseline 0.004 -16"><span class='ocrx_word' id='word_1_141' title='bbox 42 1118 168 1153; x_wconf 77' lang='lat' dir='ltr'>Paulus</span> <span class='ocrx_word' id='word_1_142' title='bbox 194 1122 400 1165; x_wconf 82' lang='lat' dir='ltr'>Apostolicis</span> <span class='ocrx_word' id='word_1_143' title='bbox 423 1122 594 1167; x_wconf 84' lang='lat' dir='ltr'>praeditus</span> <span class='ocrx_word' id='word_1_144' title='bbox 619 1122 744 1155; x_wconf 86' lang='lat' dir='ltr'>meritis</span> <span class='ocrx_word' id='word_1_145' title='bbox 768 1135 841 1154; x_wconf 89' lang='lat' dir='ltr'>non</span> <span class='ocrx_word' id='word_1_146' title='bbox 864 1122 977 1154; x_wconf 90' lang='lat' dir='ltr'>solum</span> <span class='ocrx_word' id='word_1_147' title='bbox 1003 1121 1176 1155; x_wconf 76' lang='lat' dir='ltr'>Romanos</span> 
     </span>
     <span class='ocr_line' id='line_1_19' title="bbox 44 1182 1176 1226; baseline 0.002 -13"><span class='ocrx_word' id='word_1_148' title='bbox 44 1193 144 1214; x_wconf 76' lang='lat' dir='ltr'>orare</span> <span class='ocrx_word' id='word_1_149' title='bbox 166 1195 231 1226; x_wconf 84' lang='lat' dir='ltr'>pro</span> <span class='ocrx_word' id='word_1_150' title='bbox 256 1196 300 1222; x_wconf 90' lang='lat' dir='ltr'>se,</span> <span class='ocrx_word' id='word_1_151' title='bbox 324 1184 383 1216; x_wconf 84' lang='lat' dir='ltr'>sed</span> <span class='ocrx_word' id='word_1_152' title='bbox 408 1193 440 1216; x_wconf 89' lang='lat' dir='ltr'>et</span> <span class='ocrx_word' id='word_1_153' title='bbox 465 1182 663 1217; x_wconf 84' lang='lat' dir='ltr'>Corinthios</span> <span class='ocrx_word' id='word_1_154' title='bbox 689 1182 949 1226; x_wconf 80' lang='lat' dir='ltr'>adhortatur.⁵)</span> <span class='ocrx_word' id='word_1_155' title='bbox 1005 1183 1092 1215; x_wconf 87' lang='lat' dir='ltr'>Vide</span> <span class='ocrx_word' id='word_1_156' title='bbox 1116 1197 1176 1216; x_wconf 79' lang='lat' dir='ltr'>au-</span> 
     </span>
     <span class='ocr_line' id='line_1_20' title="bbox 42 1243 1175 1288; baseline 0.002 -13"><span class='ocrx_word' id='word_1_157' title='bbox 42 1251 109 1275; x_wconf 86' lang='lat' dir='ltr'>tem</span> <span class='ocrx_word' id='word_1_158' title='bbox 135 1252 166 1276; x_wconf 91' lang='lat' dir='ltr'>et</span> <span class='ocrx_word' id='word_1_159' title='bbox 196 1256 296 1288; x_wconf 81' lang='lat' dir='ltr'>quam</span> <span class='ocrx_word' id='word_1_160' title='bbox 331 1245 447 1278; x_wconf 79' lang='lat' dir='ltr'>validis</span> <span class='ocrx_word' id='word_1_161' title='bbox 473 1258 529 1278; x_wconf 83' lang='lat' dir='ltr'>eos</span> <span class='ocrx_word' id='word_1_162' title='bbox 561 1245 782 1288; x_wconf 75' lang='lat' dir='ltr'>adstringit⁶)</span> <span class='ocrx_word' id='word_1_163' title='bbox 813 1243 1042 1288; x_wconf 84' lang='lat' dir='ltr'>religiosisque</span> <span class='ocrx_word' id='word_1_164' title='bbox 1064 1257 1175 1278; x_wconf 82' lang='lat' dir='ltr'>sacra-</span> 
     </span>
    </p>
   </div>
   <div class='ocr_carea' id='block_1_3' title="bbox 41 1304 1174 1351">
    <p class='ocr_par' dir='ltr' id='par_1_3' title="bbox 41 1304 1174 1351">
     <span class='ocr_line' id='line_1_21' title="bbox 41 1304 1174 1351; baseline 0.002 -14"><span class='ocrx_word' id='word_1_165' title='bbox 41 1304 173 1338; x_wconf 82' lang='lat' dir='ltr'>mentis.</span> <span class='ocrx_word' id='word_1_166' title='bbox 219 1306 306 1345; x_wconf 80' lang='lat' dir='ltr'>„Per</span> <span class='ocrx_word' id='word_1_167' title='bbox 318 1306 353 1351; x_wconf 85' lang='lat'>⁷)</span> <span class='ocrx_word' id='word_1_168' title='bbox 377 1307 589 1346; x_wconf 81' lang='lat' dir='ltr'>Dominum,</span> <span class='ocrx_word' id='word_1_169' title='bbox 612 1306 731 1351; x_wconf 80' lang='lat' dir='ltr'>inquit,</span> <span class='ocrx_word' id='word_1_170' title='bbox 755 1315 908 1339; x_wconf 85' lang='lat' dir='ltr'>nostrum</span> <span class='ocrx_word' id='word_1_171' title='bbox 933 1306 1050 1340; x_wconf 83' lang='lat' dir='ltr'>Jesum</span> <span class='ocrx_word' id='word_1_172' title='bbox 1076 1305 1174 1339; x_wconf 86' lang='lat' dir='ltr'>Chri-</span> 
     </span>
    </p>
   </div>
   <div class='ocr_carea' id='block_1_4' title="bbox 134 1468 627 1512">
    <p class='ocr_par' dir='ltr' id='par_1_4' title="bbox 134 1468 627 1512">
     <span class='ocr_line' id='line_1_22' title="bbox 134 1468 627 1512; baseline 0 -11"><span class='ocrx_word' id='word_1_173' title='bbox 134 1468 170 1512; x_wconf 69' lang='grc'>1&gt;</span> <span class='ocrx_word' id='word_1_174' title='bbox 193 1468 294 1502; x_wconf 82' lang='lat' dir='ltr'>Rom.</span> <span class='ocrx_word' id='word_1_175' title='bbox 318 1469 394 1510; x_wconf 90' lang='lat' dir='ltr'>XV,</span> <span class='ocrx_word' id='word_1_176' title='bbox 416 1469 471 1504; x_wconf 89' lang='grc'>30.</span> <span class='ocrx_word' id='word_1_177' title='bbox 495 1470 549 1504; x_wconf 91' lang='grc'>31.</span> <span class='ocrx_word' id='word_1_178' title='bbox 573 1470 627 1504; x_wconf 80' lang='lat'>32.</span> 
     </span>
    </p>
   </div>
   <div class='ocr_carea' id='block_1_5' title="bbox 36 1522 1173 1906">
    <p class='ocr_par' dir='ltr' id='par_1_5' title="bbox 38 1522 1173 1704">
     <span class='ocr_line' id='line_1_23' title="bbox 133 1522 1173 1569; baseline 0 -12"><span class='ocrx_word' id='word_1_179' title='bbox 133 1524 171 1568; x_wconf 79' lang='lat'>²)</span> <span class='ocrx_word' id='word_1_180' title='bbox 195 1525 252 1557; x_wconf 82' lang='lat' dir='ltr'>Sic</span> <span class='ocrx_word' id='word_1_181' title='bbox 284 1525 364 1558; x_wconf 83' lang='lat' dir='ltr'>Mss.</span> <span class='ocrx_word' id='word_1_182' title='bbox 394 1524 501 1558; x_wconf 88' lang='lat' dir='ltr'>nostri</span> <span class='ocrx_word' id='word_1_183' title='bbox 532 1534 656 1558; x_wconf 80' lang='lat' dir='ltr'>textum</span> <span class='ocrx_word' id='word_1_184' title='bbox 683 1525 842 1569; x_wconf 85' lang='lat' dir='ltr'>Apostoli</span> <span class='ocrx_word' id='word_1_185' title='bbox 867 1523 1033 1557; x_wconf 82' lang='lat' dir='ltr'>exhibent.</span> <span class='ocrx_word' id='word_1_186' title='bbox 1081 1522 1173 1557; x_wconf 80' lang='lat' dir='ltr'>Editi</span> 
     </span>
     <span class='ocr_line' id='line_1_24' title="bbox 39 1569 1173 1614; baseline -0.002 -12"><span class='ocrx_word' id='word_1_187' title='bbox 39 1582 119 1602; x_wconf 87' lang='lat' dir='ltr'>vero</span> <span class='ocrx_word' id='word_1_188' title='bbox 143 1570 191 1613; x_wconf 84' lang='grc'>(6.</span> <span class='ocrx_word' id='word_1_189' title='bbox 219 1583 246 1603; x_wconf 87' lang='lat' dir='ltr'>c.</span> <span class='ocrx_word' id='word_1_190' title='bbox 273 1571 348 1602; x_wconf 84' lang='lat' dir='ltr'>edd.</span> <span class='ocrx_word' id='word_1_191' title='bbox 373 1569 441 1613; x_wconf 84' lang='lat' dir='ltr'>M.)</span> <span class='ocrx_word' id='word_1_192' title='bbox 466 1570 557 1603; x_wconf 88' lang='lat' dir='ltr'>hunc</span> <span class='ocrx_word' id='word_1_193' title='bbox 580 1571 822 1603; x_wconf 77' lang='lat' dir='ltr'>tantummodo</span> <span class='ocrx_word' id='word_1_194' title='bbox 840 1577 1096 1614; x_wconf 85' lang='lat' dir='ltr'>prosequuntur</span> <span class='ocrx_word' id='word_1_195' title='bbox 1118 1582 1173 1600; x_wconf 91' lang='lat' dir='ltr'>us-</span> 
     </span>
     <span class='ocr_line' id='line_1_25' title="bbox 40 1613 1173 1659; baseline -0.003 -11"><span class='ocrx_word' id='word_1_196' title='bbox 40 1628 107 1659; x_wconf 82' lang='lat' dir='ltr'>que</span> <span class='ocrx_word' id='word_1_197' title='bbox 130 1615 173 1648; x_wconf 80' lang='lat' dir='ltr'>ad</span> <span class='ocrx_word' id='word_1_198' title='bbox 198 1615 318 1649; x_wconf 78' lang='lat' dir='ltr'>verba:</span> <span class='ocrx_word' id='word_1_199' title='bbox 342 1623 396 1654; x_wconf 83' lang='lat' dir='ltr'>„et</span> <span class='ocrx_word' id='word_1_200' title='bbox 418 1628 480 1658; x_wconf 89' lang='lat' dir='ltr'>per</span> <span class='ocrx_word' id='word_1_201' title='bbox 505 1616 674 1648; x_wconf 75' lang='lat' dir='ltr'>caritatem</span> <span class='ocrx_word' id='word_1_202' title='bbox 700 1615 844 1658; x_wconf 83' lang='lat' dir='ltr'>Spiritus</span> <span class='ocrx_word' id='word_1_203' title='bbox 855 1619 883 1653; x_wconf 84' lang='lat'>,“</span> <span class='ocrx_word' id='word_1_204' title='bbox 917 1623 948 1646; x_wconf 87' lang='lat' dir='ltr'>et</span> <span class='ocrx_word' id='word_1_205' title='bbox 978 1613 1055 1658; x_wconf 84' lang='lat' dir='ltr'>ipsis</span> <span class='ocrx_word' id='word_1_206' title='bbox 1088 1613 1173 1646; x_wconf 92' lang='lat' dir='ltr'>Vul-</span> 
     </span>
     <span class='ocr_line' id='line_1_26' title="bbox 38 1658 1071 1704; baseline -0.004 -11"><span class='ocrx_word' id='word_1_207' title='bbox 38 1669 133 1701; x_wconf 77' lang='lat' dir='ltr'>gatae</span> <span class='ocrx_word' id='word_1_208' title='bbox 156 1660 266 1693; x_wconf 81' lang='lat' dir='ltr'>verbis</span> <span class='ocrx_word' id='word_1_209' title='bbox 290 1669 441 1698; x_wconf 82' lang='lat' dir='ltr'>utuntur,</span> <span class='ocrx_word' id='word_1_210' title='bbox 467 1661 758 1704; x_wconf 85' lang='lat' dir='ltr'>quemadmodum</span> <span class='ocrx_word' id='word_1_211' title='bbox 784 1669 815 1691; x_wconf 86' lang='lat' dir='ltr'>et</span> <span class='ocrx_word' id='word_1_212' title='bbox 837 1658 1005 1692; x_wconf 72' lang='lat' dir='ltr'>Rabanus.</span> <span class='ocrx_word' id='word_1_213' title='bbox 1030 1658 1071 1690; x_wconf 84' lang='lat' dir='ltr'>R.</span> 
     </span>
    </p>

    <p class='ocr_par' dir='ltr' id='par_1_6' title="bbox 36 1714 1170 1844">
     <span class='ocr_line' id='line_1_27' title="bbox 130 1714 1170 1760; baseline -0.004 -11"><span class='ocrx_word' id='word_1_214' title='bbox 130 1716 167 1760; x_wconf 83' lang='lat'>³)</span> <span class='ocrx_word' id='word_1_215' title='bbox 190 1716 324 1749; x_wconf 86' lang='lat' dir='ltr'>Desunt</span> <span class='ocrx_word' id='word_1_216' title='bbox 347 1716 464 1747; x_wconf 76' lang='lat' dir='ltr'>verba:</span> <span class='ocrx_word' id='word_1_217' title='bbox 489 1716 626 1755; x_wconf 50' lang='lat' dir='ltr'>‚desum</span> <span class='ocrx_word' id='word_1_218' title='bbox 654 1714 847 1747; x_wconf 83' lang='lat' dir='ltr'>Christum“</span> <span class='ocrx_word' id='word_1_219' title='bbox 884 1715 917 1746; x_wconf 90' lang='lat' dir='ltr'>iu</span> <span class='ocrx_word' id='word_1_220' title='bbox 952 1714 1028 1746; x_wconf 86' lang='lat' dir='ltr'>cdd.</span> <span class='ocrx_word' id='word_1_221' title='bbox 1052 1714 1103 1746; x_wconf 86' lang='lat' dir='ltr'>M.</span> <span class='ocrx_word' id='word_1_222' title='bbox 1130 1733 1170 1738; x_wconf 89' lang='lat'>—-</span> 
     </span>
     <span class='ocr_line' id='line_1_28' title="bbox 37 1758 1170 1840; baseline -0.004 -45"><span class='ocrx_word' id='word_1_223' title='bbox 37 1763 78 1795; x_wconf 89' lang='lat' dir='ltr'>In</span> <span class='ocrx_word' id='word_1_224' title='bbox 102 1774 195 1840; x_wconf 53' lang='lat' dir='ltr'>segq,</span> <span class='ocrx_word' id='word_1_225' title='bbox 221 1763 272 1794; x_wconf 86' lang='lat' dir='ltr'>ed.</span> <span class='ocrx_word' id='word_1_226' title='bbox 292 1761 416 1794; x_wconf 72' lang='lat' dir='ltr'>Ruaei:</span> <span class='ocrx_word' id='word_1_227' title='bbox 441 1762 580 1800; x_wconf 74' lang='lat' dir='ltr'>„sanctis</span> <span class='ocrx_word' id='word_1_228' title='bbox 596 1761 631 1794; x_wconf 89' lang='lat' dir='ltr'>in</span> <span class='ocrx_word' id='word_1_229' title='bbox 645 1760 888 1806; x_wconf 75' lang='lat' dir='ltr'>Jerosolyma.“</span> <span class='ocrx_word' id='word_1_230' title='bbox 915 1758 984 1791; x_wconf 79' lang='lat' dir='ltr'>Cfr.</span> <span class='ocrx_word' id='word_1_231' title='bbox 1003 1772 1077 1803; x_wconf 84' lang='lat' dir='ltr'>pag.</span> <span class='ocrx_word' id='word_1_232' title='bbox 1094 1759 1170 1793; x_wconf 77' lang='grc'>428.</span> 
     </span>
     <span class='ocr_line' id='line_1_29' title="bbox 36 1817 164 1844; baseline 0 -4"><span class='ocrx_word' id='word_1_233' title='bbox 36 1817 110 1844; x_wconf 87' lang='lat' dir='ltr'>not.</span> <span class='ocrx_word' id='word_1_234' title='bbox 158 1833 164 1840; x_wconf 96' lang='lat'><strong><em>.</em></strong></span> 
     </span>
    </p>

    <p class='ocr_par' dir='ltr' id='par_1_7' title="bbox 131 1859 1079 1906">
     <span class='ocr_line' id='line_1_30' title="bbox 131 1859 1079 1906; baseline -0.001 -11"><span class='ocrx_word' id='word_1_235' title='bbox 131 1862 167 1906; x_wconf 85' lang='lat'>¹²)</span> <span class='ocrx_word' id='word_1_236' title='bbox 191 1862 292 1895; x_wconf 84' lang='lat' dir='ltr'>Rom.</span> <span class='ocrx_word' id='word_1_237' title='bbox 316 1861 392 1902; x_wconf 84' lang='lat' dir='ltr'>XV,</span> <span class='ocrx_word' id='word_1_238' title='bbox 415 1862 468 1896; x_wconf 78' lang='grc'>29.</span> <span class='ocrx_word' id='word_1_239' title='bbox 563 1861 598 1905; x_wconf 84' lang='lat'>⁵)</span> <span class='ocrx_word' id='word_1_240' title='bbox 623 1860 711 1893; x_wconf 87' lang='lat' dir='ltr'>Edd.</span> <span class='ocrx_word' id='word_1_241' title='bbox 735 1859 891 1893; x_wconf 66' lang='lat' dir='ltr'>Mei-lini:</span> <span class='ocrx_word' id='word_1_242' title='bbox 916 1860 1079 1894; x_wconf 74' lang='lat' dir='ltr'>hortatur.</span> 
     </span>
    </p>
   </div>
   <div class='ocr_carea' id='block_1_6' title="bbox 130 1917 1167 2018">
    <p class='ocr_par' dir='ltr' id='par_1_8' title="bbox 130 1917 1167 2018">
     <span class='ocr_line' id='line_1_31' title="bbox 130 1917 675 1962; baseline 0 -12"><span class='ocrx_word' id='word_1_243' title='bbox 130 1917 167 1962; x_wconf 75' lang='lat'>⁶)</span> <span class='ocrx_word' id='word_1_244' title='bbox 191 1918 278 1951; x_wconf 91' lang='lat' dir='ltr'>Edd.</span> <span class='ocrx_word' id='word_1_245' title='bbox 303 1918 458 1951; x_wconf 83' lang='lat' dir='ltr'>Merlini:</span> <span class='ocrx_word' id='word_1_246' title='bbox 485 1919 675 1958; x_wconf 81' lang='lat' dir='ltr'>adstringat.</span> 
     </span>
     <span class='ocr_line' id='line_1_32' title="bbox 131 1971 1167 2018; baseline -0.003 -13"><span class='ocrx_word' id='word_1_247' title='bbox 131 1974 167 2017; x_wconf 87' lang='lat'>⁷)</span> <span class='ocrx_word' id='word_1_248' title='bbox 190 1974 284 2007; x_wconf 88' lang='lat' dir='ltr'>Editi</span> <span class='ocrx_word' id='word_1_249' title='bbox 315 1974 361 2018; x_wconf 73' lang='lat' dir='ltr'>(v,</span> <span class='ocrx_word' id='word_1_250' title='bbox 397 1989 423 2006; x_wconf 83' lang='lat' dir='ltr'>c.</span> <span class='ocrx_word' id='word_1_251' title='bbox 451 1976 526 2007; x_wconf 79' lang='lat' dir='ltr'>edd.</span> <span class='ocrx_word' id='word_1_252' title='bbox 550 1974 637 2017; x_wconf 76' lang='lat' dir='ltr'><strong>M.):</strong></span> <span class='ocrx_word' id='word_1_253' title='bbox 663 1972 750 2013; x_wconf 86' lang='lat' dir='ltr'>„Per</span> <span class='ocrx_word' id='word_1_254' title='bbox 780 1971 971 2004; x_wconf 88' lang='lat' dir='ltr'>Dominum</span> <span class='ocrx_word' id='word_1_255' title='bbox 1003 1979 1167 2010; x_wconf 86' lang='lat' dir='ltr'>nostrum,</span> 
     </span>
    </p>
   </div>
   <div class='ocr_carea' id='block_1_7' title="bbox 36 2015 1169 2288">
    <p class='ocr_par' dir='ltr' id='par_1_9' title="bbox 36 2015 1169 2288">
     <span class='ocr_line' id='line_1_33' title="bbox 39 2015 1167 2063; baseline -0.005 -11"><span class='ocrx_word' id='word_1_256' title='bbox 39 2029 71 2052; x_wconf 83' lang='lat' dir='ltr'>et</span> <span class='ocrx_word' id='word_1_257' title='bbox 92 2032 154 2063; x_wconf 85' lang='lat' dir='ltr'>per</span> <span class='ocrx_word' id='word_1_258' title='bbox 181 2019 351 2051; x_wconf 76' lang='lat' dir='ltr'>caritatem</span> <span class='ocrx_word' id='word_1_259' title='bbox 376 2019 529 2062; x_wconf 86' lang='lat' dir='ltr'>Spiritus.</span> <span class='ocrx_word' id='word_1_260' title='bbox 586 2020 633 2051; x_wconf 84' lang='lat' dir='ltr'>Ut</span> <span class='ocrx_word' id='word_1_261' title='bbox 666 2017 827 2062; x_wconf 77' lang='lat' dir='ltr'>adjuvetis</span> <span class='ocrx_word' id='word_1_262' title='bbox 857 2030 911 2049; x_wconf 89' lang='lat' dir='ltr'>me</span> <span class='ocrx_word' id='word_1_263' title='bbox 942 2017 976 2049; x_wconf 88' lang='lat' dir='ltr'>in</span> <span class='ocrx_word' id='word_1_264' title='bbox 1003 2015 1167 2047; x_wconf 82' lang='lat' dir='ltr'>orationi—</span> 
     </span>
     <span class='ocr_line' id='line_1_34' title="bbox 36 2060 1169 2100; baseline -0.005 -3"><span class='ocrx_word' id='word_1_265' title='bbox 36 2066 100 2097; x_wconf 89' lang='lat' dir='ltr'>bus</span> <span class='ocrx_word' id='word_1_266' title='bbox 125 2064 167 2096; x_wconf 78' lang='lat' dir='ltr'>ad</span> <span class='ocrx_word' id='word_1_267' title='bbox 190 2064 416 2097; x_wconf 80' lang='lat' dir='ltr'>Dominum.·‘</span> <span class='ocrx_word' id='word_1_268' title='bbox 468 2065 535 2097; x_wconf 90' lang='lat' dir='ltr'>Sed</span> <span class='ocrx_word' id='word_1_269' title='bbox 570 2065 648 2097; x_wconf 84' lang='lat' dir='ltr'>Mss.</span> <span class='ocrx_word' id='word_1_270' title='bbox 685 2072 716 2095; x_wconf 85' lang='lat' dir='ltr'>et</span> <span class='ocrx_word' id='word_1_271' title='bbox 740 2062 899 2095; x_wconf 79' lang='lat' dir='ltr'>Rabanus</span> <span class='ocrx_word' id='word_1_272' title='bbox 935 2071 971 2094; x_wconf 90' lang='lat' dir='ltr'>ut</span> <span class='ocrx_word' id='word_1_273' title='bbox 1004 2060 1039 2092; x_wconf 86' lang='lat' dir='ltr'>iu</span> <span class='ocrx_word' id='word_1_274' title='bbox 1064 2069 1169 2100; x_wconf 79' lang='lat' dir='ltr'>textu;</span> 
     </span>
     <span class='ocr_line' id='line_1_35' title="bbox 36 2105 1167 2153; baseline -0.004 -12"><span class='ocrx_word' id='word_1_275' title='bbox 36 2109 99 2141; x_wconf 89' lang='lat' dir='ltr'>nisi</span> <span class='ocrx_word' id='word_1_276' title='bbox 125 2109 218 2152; x_wconf 84' lang='lat' dir='ltr'>quod</span> <span class='ocrx_word' id='word_1_277' title='bbox 245 2108 384 2152; x_wconf 70' lang='lat' dir='ltr'>quidam</span> <span class='ocrx_word' id='word_1_278' title='bbox 419 2110 573 2142; x_wconf 75' lang='lat' dir='ltr'>omittant</span> <span class='ocrx_word' id='word_1_279' title='bbox 596 2108 755 2153; x_wconf 83' lang='lat' dir='ltr'>„inquit,“</span> <span class='ocrx_word' id='word_1_280' title='bbox 780 2117 811 2139; x_wconf 86' lang='lat' dir='ltr'>ct</span> <span class='ocrx_word' id='word_1_281' title='bbox 834 2106 987 2152; x_wconf 73' lang='lat' dir='ltr'>plerique</span> <span class='ocrx_word' id='word_1_282' title='bbox 1012 2105 1167 2137; x_wconf 79' lang='lat' dir='ltr'>omittant</span> 
     </span>
     <span class='ocr_line' id='line_1_36' title="bbox 38 2149 1166 2198; baseline -0.003 -13"><span class='ocrx_word' id='word_1_283' title='bbox 38 2153 156 2186; x_wconf 75' lang='lat' dir='ltr'>etiam:</span> <span class='ocrx_word' id='word_1_284' title='bbox 181 2155 370 2198; x_wconf 82' lang='lat' dir='ltr'>„deprecor</span> <span class='ocrx_word' id='word_1_285' title='bbox 401 2168 458 2188; x_wconf 91' lang='lat' dir='ltr'>vos</span> <span class='ocrx_word' id='word_1_286' title='bbox 470 2159 499 2187; x_wconf 81' lang='lat'>:¹‘</span> <span class='ocrx_word' id='word_1_287' title='bbox 536 2169 622 2198; x_wconf 73' lang='lat' dir='ltr'>quae</span> <span class='ocrx_word' id='word_1_288' title='bbox 652 2154 752 2186; x_wconf 73' lang='lat' dir='ltr'>verba</span> <span class='ocrx_word' id='word_1_289' title='bbox 778 2153 995 2185; x_wconf 80' lang='lat' dir='ltr'>restituuntur</span> <span class='ocrx_word' id='word_1_290' title='bbox 1020 2163 1057 2182; x_wconf 87' lang='lat' dir='ltr'>ex</span> <span class='ocrx_word' id='word_1_291' title='bbox 1080 2149 1166 2182; x_wconf 82' lang='lat' dir='ltr'>Msc.</span> 
     </span>
     <span class='ocr_line' id='line_1_37' title="bbox 36 2196 1165 2240; baseline -0.004 -9"><span class='ocrx_word' id='word_1_292' title='bbox 36 2198 118 2240; x_wconf 77' lang='lat' dir='ltr'>Reg.</span> <span class='ocrx_word' id='word_1_293' title='bbox 141 2211 235 2231; x_wconf 86' lang='lat' dir='ltr'>num.</span> <span class='ocrx_word' id='word_1_294' title='bbox 268 2198 364 2232; x_wconf 83' lang='lat'>1639.</span> <span class='ocrx_word' id='word_1_295' title='bbox 390 2199 429 2232; x_wconf 87' lang='lat' dir='ltr'>R.</span> <span class='ocrx_word' id='word_1_296' title='bbox 453 2220 492 2227; x_wconf 93' lang='lat'>-—</span> <span class='ocrx_word' id='word_1_297' title='bbox 530 2200 599 2234; x_wconf 88' lang='lat' dir='ltr'>Csr.</span> <span class='ocrx_word' id='word_1_298' title='bbox 632 2199 731 2233; x_wconf 86' lang='lat' dir='ltr'>Rom.</span> <span class='ocrx_word' id='word_1_299' title='bbox 765 2198 846 2237; x_wconf 87' lang='lat' dir='ltr'>XV,</span> <span class='ocrx_word' id='word_1_300' title='bbox 877 2198 949 2236; x_wconf 77' lang='grc'>30.,</span> <span class='ocrx_word' id='word_1_301' title='bbox 980 2196 1058 2229; x_wconf 88' lang='lat' dir='ltr'>coll.</span> <span class='ocrx_word' id='word_1_302' title='bbox 1089 2207 1165 2239; x_wconf 61' lang='lat' dir='ltr'>pag,</span> 
     </span>
     <span class='ocr_line' id='line_1_38' title="bbox 37 2242 434 2288; baseline 0.005 -12"><span class='ocrx_word' id='word_1_303' title='bbox 37 2242 106 2288; x_wconf 85' lang='lat' dir='ltr'>huj.</span> <span class='ocrx_word' id='word_1_304' title='bbox 132 2242 221 2278; x_wconf 82' lang='lat' dir='ltr'>notis</span> <span class='ocrx_word' id='word_1_305' title='bbox 246 2244 273 2279; x_wconf 86' lang='grc'>1.</span> <span class='ocrx_word' id='word_1_306' title='bbox 301 2246 331 2279; x_wconf 81' lang='grc'>2.</span> <span class='ocrx_word' id='word_1_307' title='bbox 359 2245 434 2278; x_wconf 79' lang='lat' dir='ltr'>et3.</span> 
     </span>
    </p>
   </div>
  </div>
 </body>
</html>
