1320 2444
182 74 250 110 336
453 73 633 107 Ossmmus
663 82 700 107 m
724 72 787 106 Ep,
812 79 860 105 An
886 71 1067 107 RomAnos

182 165 287 207 ligens
314 163 374 198 ait:
398 162 558 204 „dilectio
575 163 609 207 Ι’)
630 163 778 208 proximi
802 163 933 196 malum
957 177 1030 196 non
1046 172 1223 209 operatur:
1247 163 1320 208 plc-

180 227 304 259 nitudo
330 238 410 267 ergo
436 225 517 268 legis
533 234 580 259 est
603 225 770 258 dilectio.“
809 225 922 269 Supra
936 225 1074 265 dixerat,
1098 225 1176 270 quia
1192 226 1270 270 „qui
1283 225 1320 271 ²)

181 288 290 330 diligit
312 287 521 333 proximum,
544 289 653 329 legem
676 286 829 332 implevit
839 291 868 319 :“
901 295 933 320 et
965 287 1044 332 quia
1069 286 1207 320 difficile
1229 287 1320 320 vide-

180 350 294 390 batur,
318 349 498 394 quomodo
523 349 630 394 possit
653 350 726 393 quis
751 361 891 381 omnem
916 349 1024 390 legem
1048 347 1132 393 in3)
1157 362 1227 381 uno
1251 362 1320 382 ser-

180 425 286 445 mone
301 413 486 456 complere,
510 411 737 456 plenissimam
755 410 869 444 reddit
886 410 1066 450 rationem,
1089 410 1222 443 dicens:
1246 410 1320 450 „di-

178 473 281 506 lectio
295 472 330 518 4)
347 473 495 518 proximi
512 474 640 506 malum
656 487 729 506 non
754 476 951 518 operatur;“
976 481 1008 505 et
1022 471 1102 505 ideo
1120 471 1320 516 „plenitudo

179 535 259 576 legis
285 544 333 568 est
357 534 525 568 dilectio.“
582 535 680 568 Pone
705 534 795 568 enim
821 547 884 579 per
905 533 1037 576 singula
1059 534 1218 567 mandata
1242 532 1320 575 legis

181 597 422 637 dilectionem,
457 605 489 630 et
526 597 619 638 vide,
655 611 757 642 quam
797 596 897 630 facile
934 605 1055 629 cuncta
1095 596 1320 640 complentur.

178 659 359 704 Numquid
383 659 441 704 qui
465 659 571 702 diligit
593 658 799 704 proximum,
817 658 975 691 occidere
989 671 1064 691 eum
1078 655 1212 702 potest?
1237 656 1320 689 Cer-

179 729 252 753 tum
279 730 335 762 est,
359 722 453 766 quod
476 734 580 754 nemo
606 734 708 766 quem
734 721 841 762 diligit
863 719 1053 753 interficiat.
1090 719 1151 752 Est
1170 730 1249 759 ergo
1267 717 1319 751 ‹li-

178 782 291 823 lectio,
314 796 377 827 per
401 796 504 827 quam
525 784 708 828 impleatur
721 784 932 822 mandatum,
955 795 1024 826 quo
1039 779 1075 826 ⁵)
1096 779 1320 825 praecipitur:

178 845 322 889 „n0n⁶)
347 845 514 879 occides.“
558 844 650 890 Et7)
670 844 793 877 iterum
811 842 1030 888 numquidss)
1054 842 1111 887 qui
1126 841 1320 886 proximum

178 921 278 940 suum
304 907 420 949 diligit,
443 907 479 940 in
504 919 646 940 uxorem
672 905 742 952 ejus
766 905 972 940 adulterium
997 902 1201 938 committit?
1222 903 1320 935 Nun-

179 982 282 1013 quam
314 970 482 1014 profecto.
530 968 568 1001 Si
600 981 679 1009 ergo
711 968 827 1009 diligas
856 967 1073 1012 proximum,
1102 978 1166 998 nec
1191 964 1320 998 adulte-

181 1030 271 1064 rium
297 1030 496 1065 committes.
543 1030 708 1064 Similiter
740 1038 772 1063 et
795 1028 854 1075 qui
879 1029 985 1070 diligit
1008 1026 1215 1073 proximum,
1235 1037 1320 1070 quae

182 1091 253 1138 ejus
277 1102 356 1125 sunt
379 1106 451 1125 non
477 1093 625 1125 furatur:
662 1101 694 1125 et
728 1092 787 1136 qui
816 1091 925 1133 diligit
954 1090 1168 1136 proximum,
1199 1088 1320 1121 falsum

181 1155 338 1187 adversus
363 1168 441 1187 eum
466 1154 700 1190 testimonium
725 1167 798 1187 non
823 1152 913 1186 dicit.
971 1151 1133 1185 Similiter
1157 1158 1189 1183 et
1213 1158 1320 1182 cetera

179 1218 342 1250 mandata
367 1216 466 1258 legis,
501 1216 529 1250 si
552 1215 593 1249 sit
618 1228 693 1257 erga
718 1215 915 1260 proximum
939 1212 1087 1252 dilectio,
1112 1212 1238 1255 absque
1262 1209 1320 1242 ali-

182 1292 251 1323 quo
281 1279 402 1312 labore
435 1288 620 1312 servantur.
673 1278 762 1310 Puto
776 1277 812 1322 ⁹)
843 1287 974 1316 tamen,
1013 1274 1109 1320 quod
1141 1271 1230 1305 etin
1254 1270 1320 1303 hoc

179 1340 288 1373 voluit
309 1354 372 1374 nos
397 1341 583 1385 Apostolus
607 1341 736 1385 aliquid
761 1337 1037 1384 compendiosius
1055 1336 1193 1370 discere.
1233 1333 1320 1365 Nam

179 1404 207 1436 si
231 1402 423 1445 diligentius
447 1403 616 1447 requiras,
647 1402 721 1449 quis
745 1402 787 1435 sit
811 1401 987 1447 proximus
1010 1408 1134 1437 noster,
1158 1396 1263 1429 disces
1285 1393 1320 1426 in

181 1464 380 1507 Evangelio,
396 1463 453 1508 ¹⁰)
476 1464 574 1498 illum
593 1477 661 1498 esse
684 1463 880 1509 proximum
894 1470 1062 1502 nostrum,
1085 1457 1143 1504 qui
1166 1456 1266 1498 venit,
1291 1463 1320 1488 et

277 1605 312 1650 ¹)
336 1605 438 1639 Rom.
462 1606 557 1646 XIII,
581 1607 634 1641 10.
729 1606 766 1651 ²)
792 1605 894 1639 Rom,
918 1603 1013 1644 XIII,
1037 1600 1068 1635 8.

276 1662 313 1706 3)
339 1662 516 1696 Omittitur
535 1663 570 1696 in
597 1662 692 1697 editis
717 1662 764 1708 (e.
789 1676 816 1696 c.
843 1662 920 1696 edd.
945 1660 1032 1705 ΜΛ)
1055 1657 1143 1698 „in.“
1167 1655 1208 1688 R·

275 1718 312 1762 4)
334 1719 436 1752 Rom.
460 1719 554 1760 XIII,
580 1720 633 1756 10,

277 1775 313 1816 5)
337 1775 430 1809 Editi
454 1777 501 1821 (v.
518 1790 546 1809 c.
568 1778 644 1810 edd.
663 1776 750 1822 MA)
774 1776 890 1821 „quod
909 1771 1148 1819 praecipitur.“
1163 1768 1265 1802 Male.
1280 1765 1317 1797 R·

274 1831 311 1874 6)
335 1831 437 1865 Rom.
460 1832 555 1873 xm,
579 1833 609 1868 9.
635 1834 712 1867 0011.
737 1831 938 1870 Exod.xx,
964 1832 1014 1867 15.
1038 1838 1070 1861 et
1087 1828 1188 1860 Deut.
1205 1826 1247 1866 v,
1268 1823 1318 1858 17·

276 1886 313 1931 7)
338 1888 442 1923 Deest
465 1890 550 1930 „Et“
573 1889 609 1923 in
634 1891 710 1923 edd.
734 1889 783 1922 M.

274 1942 311 1986 ⁸)
335 1945 558 1980 Desideratur
581 1948 617 1980 in
642 1945 736 1980 libris
761 1954 858 1978 antea
881 1943 977 1978 editis
1008 1942 1055 1988 (v.
1082 1955 1109 1975 c.
1135 1941 1212 1974 edd.
1236 1935 1317 1981 ΜΛ)

182 1992 404 2034 ,‚numquid.“
428 1991 468 2024 R.

278 2046 313 2090 9)
339 2047 430 2080 Editi
461 2048 509 2094 (v.
536 2063 562 2082 e.
592 2050 668 2083 cdd.
692 2048 778 2092 MJ:
815 2047 926 2087 „Puto
963 2045 1064 2078 etiam
1096 2042 1191 2087 quod
1224 2047 1254 2071 et
1282 2036 1316 2089 ip

182 2091 251 2125 hoc
274 2092 381 2125 voluit
413 2107 476 2127 nos
506 2095 635 2139 aliquid
668 2092 947 2137 compendiosius
979 2091 1134 2123 doceref‘
1158 2085 1234 2118 Mss.
1261 2083 1317 2114 ali-

184 2146 286 2180 Ἷῑῐοῑῖ
323 2138 446 2177 „Putas
477 2153 550 2173 non
575 2149 608 2172 et
632 2139 723 2172 aliud
747 2139 781 2171 in
807 2139 874 2170 hoc
898 2136 1006 2170 voluit
1026 2147 1091 2167 nos
1115 2128 1316 2176 Apostolus“

184 2191 246 2214 etc.
271 2191 309 2214 ut
333 2183 367 2216 in
392 2193 491 2217 textu.
539 2185 608 2218 Sed
634 2184 754 2217 rectius
776 2183 946 2222 Rabanus‚
971 2190 1002 2214 et
1023 2180 1107 2213 Msc.
1122 2177 1202 2218 Reg.
1227 2183 1317 2206 num·

184 2227 282 2261 1639.
307 2228 416 2268 „Puto
443 2239 554 2263 tamen
580 2232 675 2274 quod
704 2238 736 2262 et
757 2229 793 2262 in
816 2229 905 2262 hoc“
929 2236 990 2262 etc.
1014 2224 1054 2257 R·

256 2282 311 2328 ¹⁰)
339 2284 408 2318 Cir.
431 2285 512 2320 Luc.
535 2286 582 2327 X,
604 2286 658 2321 29.
681 2299 772 2331 seqq.
