1320 2444
353 41 706 75 COMMENTAmonum
730 39 801 73 Lm.
824 39 868 73 X.
1102 40 1170 75 415

125 133 181 169 37.
205 131 369 175 „Deus¹)
395 140 506 165 autem
531 130 622 176 pacis
648 139 800 164 conteret
828 130 989 164 Satanam
1022 129 1085 162 sub
1109 142 1170 173 pe·-

38 196 96 230 des
119 203 244 228 vestros
268 193 459 226 velocium-st*
507 191 690 236 Quaeritur
713 191 749 225 in
774 193 840 224 hoc
863 192 960 231 loco,
992 203 1092 235 quem
1117 190 1170 223 di-

36 255 120 290 xerit
143 255 303 289 satanam
326 255 389 287 sub
403 253 440 297 ²)
464 255 568 298 pedes
592 266 723 293 eorum,
749 252 872 298 quibus
895 251 1021 293 scribit,
1046 266 1065 285 a
1087 251 1168 284 Deo

36 317 285 350 conterendum
309 314 477 349 velociter.
533 314 570 348 Si
601 315 692 347 enim
716 315 758 348 ad
783 327 887 347 unam
909 326 1091 358 personam
1115 326 1171 346 re-

35 379 172 417 feratur,
194 376 287 410 illam
310 376 453 416 scilicet,
484 377 527 409 de
558 389 623 420 qua
654 375 690 408 in
715 374 897 417 Evangelio
926 374 1068 409 dicitur:
1091 387 1172 415 „ec-

36 439 124 482 ce3)
146 438 244 471 video
273 437 435 470 Satanam
458 437 590 481 sicut4)
622 438 735 478 fulgur
759 438 801 470 de
827 437 925 470 coelo
951 437 1129 470 cadentem
1141 439 1172 469 :“

35 499 161 545 quique
193 498 333 532 Satanas
365 498 554 542 humani5)
593 498 721 540 generis
751 497 921 531 indicatur
951 497 1172 538 adversarius,

35 560 204 594 videbitur
226 561 360 604 utique,
394 560 421 593 si
445 573 522 593 vere
547 559 628 593 dicit
652 559 795 599 Paulus,
830 572 916 604 quae
941 559 1039 599 dicit,
1074 561 1171 604 quod

34 623 97 656 sub
111 621 147 666 ⁵)
171 622 275 666 pedes
300 634 432 661 eorum,
456 622 577 666 quibus
602 630 683 653 tunc
700 620 879 660 scribebat,
903 620 1063 653 velociter
1087 634 1172 653 con-

37 692 175 723 teratur,
202 684 290 716 ultra
314 681 383 728 jam
408 695 481 715 non
507 695 574 716 esse
599 681 799 726 Satanas,⁷)
824 681 882 726 qui
906 694 1030 722 agones
1047 691 1078 714 et
1099 695 1172 715 cer-

34 744 162 779 tamina
189 754 221 778 et
242 743 491 789 persecutiones
514 744 729 777 credentibus
762 743 896 776 excitet:
929 744 1025 788 quod
1056 743 1173 787 utique

35 820 106 841 non
131 799 275 839 a‘dmittit
297 806 380 840 fides
403 819 528 839 rerum.
575 806 646 839 Sed
668 805 800 838 videtur
822 804 908 837 mihi
939 804 975 838 in
999 805 1068 838 hoc
1090 806 1171 838 loco

35 869 196 903 Satanam
221 867 340 901 dixisse
364 880 501 902 omnem
525 867 697 912 spiritum,
729 866 787 911 qui
813 867 1029 899 credentibus
1053 867 1173 899 adver-

34 939 135 964 satur.
181 930 322 963 Satan-'ns
355 929 446 962 enim
477 928 512 960 in
543 929 657 970 lingua
680 937 797 961 nostra
829 927 1037 961 adversarius
1067 927 1173 960 inter-

36 1000 197 1036 pretatur.
247 990 422 1035 Quicquid
453 1002 532 1031 ergo
566 989 699 1022 animae
731 989 883 1022 tendenti
912 989 954 1021 ad
979 989 1094 1022 Deum
1119 1002 1174 1022 re-

35 1052 125 1097 sistit*
141 1061 173 1085 et
197 1052 400 1092 adversatur,
425 1061 457 1084 et
480 1051 643 1096 quicquid
667 1050 743 1095 paci
777 1050 847 1095 ejus
881 1050 1090 1083 contrarium
1116 1059 1173 1091 cst,

37 1114 106 1147 hoc
131 1114 161 1147 ci
174 1113 211 1157 Θ)
227 1122 356 1147 satanas
381 1126 449 1146 esse
471 1112 730 1156 nominatur.⁹)
762 1112 844 1145 Ideo
863 1111 1010 1156 denique
1024 1102 1188 1156 praemi-²

35 1176 86 1216 sit,
109 1176 240 1210 dicens:
263 1164 379 1216 „Deus
395 1173 451 1219 ¹⁰)
475 1174 568 1219 pacis
579 1178 607 1207 :“
634 1174 701 1206 hoc
726 1183 781 1213 est,
804 1173 909 1213 Deus,
932 1173 987 1206 cui
1009 1186 1074 1217 pax
1098 1173 1171 1217 pla-

37 1247 99 1279 cet,
124 1246 277 1271 conteret
301 1249 390 1277 eum,
414 1235 473 1280 qui
498 1235 689 1271 contrarius
714 1244 760 1269 est
783 1234 871 1280 paci,
896 1243 927 1267 et
951 1233 1173 1268 dissensiones

131 1422 165 1466 ¹)
189 1421 290 1454 Rom.
315 1420 414 1460 XVI,
445 1421 499 1454 20.
525 1440 570 1446 —-
592 1420 682 1453 Edd.
716 1419 871 1452 Merlinit
904 1427 1055 1452 conterat
1077 1418 1174 1452 Sata-

35 1480 116 1501 nam
139 1467 201 1501 sub
226 1465 370 1511 pedibus
394 1465 507 1499 vestris
531 1475 591 1499 etc.

129 1522 166 1565 ²)
191 1522 280 1555 Edd.
304 1520 463 1554 Merlini:
487 1522 549 1554 sub
574 1520 719 1566 pedibus
745 1533 876 1559 eorum,
901 1520 1024 1564 quibus
1047 1519 1174 1559 scribit,

37 1567 197 1601 velociter
222 1580 240 1599 a
264 1566 342 1598 Deo
369 1567 626 1599 conterendum.
674 1565 710 1599 Si
736 1565 825 1599 enim
852 1565 895 1598 ad
918 1578 1024 1598 unam
1046 1566 1173 1598 refera-

36 1622 92 1646 tur
115 1624 307 1658 personam,
330 1611 422 1644 illam
448 1620 508 1643 etc.

130 1667 169 1711 3)
194 1667 274 1699 Luc.
299 1666 342 1705 X,
366 1666 419 1700 18.

131 1723 168 1767 ¹²)
192 1723 325 1756 Desunt
349 1721 467 1754 verba:
492 1720 599 1760 „sicut
621 1721 765 1762 fulgur,“
789 1721 824 1753 in
854 1720 950 1755 editis
974 1720 1021 1764 (e.
1044 1732 1071 1752 c.
1097 1721 1172 1754 edd.

37 1768 118 1814 M),
142 1777 174 1801 et
196 1766 417 1801 restituuntur
443 1779 481 1799 ex
505 1766 584 1799 Mss.
610 1775 642 1798 et
665 1765 820 1799 Rabano.
846 1765 886 1798 R.

132 1824 169 1868 ⁵)
194 1822 250 1855 Sic
287 1822 364 1856 Mss.
400 1822 565 1866 plerique.
604 1821 688 1855 Msc.
722 1835 802 1854 vero
841 1822 921 1862 Reg.
951 1835 1044 1854 num.
1076 1822 1175 1857 1639.

36 1870 210 1911 „humano
236 1867 350 1908 generi
372 1867 543 1904 iudicatur
573 1867 774 1900 adversari.“
819 1866 998 1906 Rabanm,
1031 1875 1063 1899 et
1094 1867 1176 1900 editi

35 1917 84 1960 (v.
112 1928 139 1948 c.
165 1914 241 1946 edd.
266 1911 351 1955 M.):
375 1912 549 1951 „humano
575 1913 688 1953 generi
709 1911 878 1945 indicatur
901 1913 1088 1946 adversus.“
1112 1912 1151 1944 R..

129 1968 167 2013 6)
192 1968 281 2001 Edd.
306 1966 465 2000 Merlini:
489 1968 552 2000 sub
577 1968 722 2012 pedibus
747 1980 867 2002 eorum
893 1977 952 2001 etc.

131 2024 168 2068 ⁷)
191 2024 280 2056 Edd.
305 2022 463 2055 Merlini:
490 2023 659 2061 satanam.

131 2079 168 2123 ⁸)
193 2080 297 2112 Deest
319 2078 391 2118 „ei“
416 2079 451 2111 in
476 2080 551 2112 edd.
576 2080 624 2114 M.

131 2135 169 2179 ⁹)
192 2134 301 2168 Editi:
337 2141 693 2175 ‚,commem0ratur.“
732 2137 771 2172 R.
813 2156 854 2165 -
893 2137 982 2172 Edd.
1018 2135 1173 2170 Merlini:

39 2189 258 2215 memoratur.

109 2235 167 2283 ¹0)
191 2236 289 2272 Rom.
314 2237 406 2280 xvl,
429 2238 482 2273 20.
