1320 2444
112 40 181 77 440
390 40 568 75 Omcsms
592 49 629 74 m
651 43 713 75 Er.
737 47 785 74 An
811 39 991 75 Rommos

116 145 192 171 eos,
223 131 283 176 qui
315 131 462 165 ecclesiis
492 139 670 176 praesunt,
701 139 733 164 et
763 132 807 165 ad
839 143 958 164 omnes
992 131 1164 165 credentes
1187 144 1257 176 sper

115 193 284 239 Spiritum
305 202 460 227 sanctum
483 192 633 226 scribere
664 194 856 226 credendus
880 202 928 227 est
949 193 1091 233 Paulus,
1121 201 1158 226 ut
1183 193 1261 227 dili-

115 255 246 297 gentius
271 255 499 295 considerent,
522 263 554 287 et
577 254 792 299 perspiciant,
817 256 875 299 qui
897 255 973 295 sint,
996 255 1055 300 qui
1080 253 1260 288 dissensio-

116 330 176 350 nes
201 326 233 350 et
257 316 468 350 offendicula
499 317 536 350 in
567 316 714 350 ecclesiis
747 317 965 362 generent,¹)
1002 325 1034 349 et
1067 316 1169 349 alieni
1192 315 1260 349 sint

117 379 161 411 ab
185 379 242 412 illa
267 379 493 419 beatitudine,
529 378 679 423 quam2)
711 378 884 413 Dominus
908 377 1103 424 repromisit
1125 378 1259 411 dicens:

116 440 229 480 „beati
253 441 397 485 pacifici,
424 441 589 485 quoniam
619 440 683 484 ipsi
715 439 776 473 filii
799 441 867 474 Dei
891 441 1137 474 vocabuntur.“
1183 439 1260 472 Hoc

119 502 224 543 enirn,
248 503 377 547 inquit,
400 512 437 535 ut
462 501 596 547 pacifici
619 502 706 543 sitis,
731 517 748 536 a
773 502 927 536 Domino
953 515 1016 547 per
1038 501 1261 544 Evangelium

121 563 300 598 didicistis:
326 564 549 598 dissensiones
564 577 644 597 vero
660 578 889 605 commovere,
902 566 964 597 vvel
980 565 1150 604 scandala,
1162 577 1263 608 prae-

118 634 171 658 ter
195 625 389 659 doctrinam
421 636 486 666 est,
524 639 627 671 quam
659 640 717 659 vos
754 627 932 668 didicistis3
963 636 995 659 et
1023 625 1102 659 ideo
1134 625 1263 659 alienus

120 686 191 731 3³)
216 687 312 721 vobis
336 687 393 727 sit,
423 701 486 721 nec
520 689 663 721 omnino
697 688 881 733 recipiatur
902 689 991 722 inter
1014 702 1084 729 vos,
1108 688 1166 733 qui
1191 700 1264 721 cer-

119 749 249 782 tamina
274 758 479 789 commovet,
504 751 561 794 qui
594 750 673 785 serit
703 750 829 796 jurgia,
867 751 926 795 qui
958 751 1029 785 lites
1065 750 1202 790 excitat,
1232 758 1264 782 et

118 811 229 844 studia
256 811 485 845 contentionis
510 822 650 845 exercet.
706 812 777 856 Qui
809 812 900 845 enim
931 813 1012 846 tales
1035 821 1132 851 sunt,
1165 810 1266 844 Chri-

120 883 172 906 sto
186 872 223 918 4)
255 873 433 913 „Domino
466 879 631 913 nostro,“
664 873 721 918 qui
749 883 795 906 est
820 887 885 919 pax
908 884 1043 914 nostra,
1073 887 1147 906 non
1172 885 1262 912 „ser-

120 935 233 974 viunt,
263 935 322 968 sed
358 947 420 968 suo
452 935 592 967 ventri.“
648 935 717 968 Sed
750 945 781 968 et
813 935 896 979 quid
922 948 1041 969 causae
1064 936 1122 975 sit,
1146 948 1214 980 qua
1226 934 1262 980 5>

120 995 232 1041 jurgia
255 996 291 1029 in
317 995 463 1029 ecclesiis
487 996 706 1037 suscitantur,
739 1006 770 1030 et
793 997 882 1036 lites,
916 996 1019 1030 divini
1043 997 1188 1042 Spiritus
1211 997 1265 1030 in·-

121 1058 245 1092 stinctu
271 1059 390 1103 aperit.
437 1058 590 1097 Ventris,
625 1057 750 1102 inquit,
784 1058 902 1100 gratia:
935 1059 1003 1091 hoe
1028 1068 1084 1099 est,
1108 1068 1264 1104 quaestus

123 1128 156 1152 ct
180 1120 383 1164 cupiditatis.
437 1120 522 1153 Inde
555 1129 619 1159 est,
655 1121 747 1153 unde
778 1120 940 1153 nonnulli
965 1121 1177 1155 circumeunt
1202 1123 1265 1154 do-

122 1195 199 1214 mos
222 1182 402 1226 loquentes
428 1183 470 1215 ad
495 1182 634 1224 gratiam
662 1195 738 1214 cum
765 1182 861 1215 omni
889 1183 1087 1216 adulatione
1111 1193 1142 1216 et
1167 1184 1266 1217 dece-

121 1243 260 1288 ptione,
291 1258 364 1276 non
388 1254 425 1277 ut
448 1245 484 1277 in
509 1245 614 1276 verbo
639 1244 707 1277 Dei
739 1244 919 1277 aedificent
944 1244 1072 1278 animas
1096 1245 1140 1278 ad
1163 1244 1267 1278 virtu-

122 1314 202 1346 tem,
225 1307 286 1340 sed
310 1315 347 1339 ut
369 1305 566 1339 adulatoriis
582 1306 806 1350 dulcibusque
820 1306 1037 1340 sermonibus
1053 1320 1267 1351 permanere,

121 1368 175 1400 vel
207 1368 306 1401 ctiam
339 1368 508 1412 proficere
544 1381 597 1401 eas
623 1368 802 1400 hortemur
831 1367 866 1400 in
900 1367 1003 1408 vitiis,
1036 1369 1212 1401 laudantes
1236 1378 1268 1403 et

122 1430 218 1462 bona
243 1429 392 1463 dicentes
417 1442 474 1467 ea,
498 1442 586 1473 quae
611 1428 832 1473 correptione
857 1429 956 1470 digna
981 1438 1074 1462 sunt:
1108 1443 1266 1474 „ponen-

124 1500 171 1524 tes
184 1491 221 1535 5)
246 1492 358 1524 lucem
383 1492 560 1531 tenebras,
585 1499 616 1523 et
641 1491 796 1523 tenebras
822 1490 952 1532 lucem;
975 1490 1076 1524 dulce
1101 1503 1268 1532 amarum,

125 1563 158 1586 et
182 1566 339 1587 amarum
364 1553 501 1586 dulcc:“
527 1562 558 1585 et
583 1552 618 1585 in
643 1552 692 1585 his
716 1551 953 1596 ,‚scducunt⁷)
971 1553 1077 1586 corda
1099 1552 1267 1586 innocen-

122 1615 241 1651 tiun1.“
287 1616 332 1648 Et
355 1615 435 1648 ideo
461 1615 639 1657 diligenter
663 1622 801 1658 oportet
823 1613 1012 1656 intendere,
1035 1627 1104 1659 quo
1124 1628 1268 1664 prospe-

221 1750 256 1794 ¹)
282 1749 370 1782 Edd.
396 1749 553 1783 Merlini:
577 1758 746 1791 generant.

219 1806 256 1849 2)
284 1806 341 1839 Sic
364 1805 451 1839 Msc.
474 1806 554 1847 Reg.
580 1820 673 1839 num.
700 1806 796 1840 1639.
839 1805 952 1838 Ceteri
976 1818 1055 1839 vero
1082 1805 1173 1845 Mss„
1198 1805 1265 1839 Ra-

124 1853 246 1889 banus,
271 1860 303 1883 ct
329 1851 408 1884 editi
440 1850 488 1895 (v.
515 1865 541 1884 c.
567 1853 644 1884 cdd.
670 1851 756 1895 Μ.);
788 1864 912 1895 „quam
945 1851 1040 1884 Deus
1072 1852 1267 1895 repromisit

125 1896 327 1941 (Rabanust
352 1896 617 1940 promiserat):
643 1897 733 1929 beuti
757 1895 910 1940 pacifici,
931 1895 1095 1940 quoniam
1117 1894 1182 1929 'filii
1198 1897 1266 1934 Dei

124 1942 372 1981 vocabuntur,⁴‘
405 1941 535 1975 omissis
567 1941 707 1974 vocibus
736 1943 913 1983 „dicens,“
947 1950 979 1973 ct
1009 1942 1128 1986 ‚,ipsi;“
1161 1955 1264 1986 quam

122 1995 237 2019 tamen
264 1997 472 2031 postremam
496 2000 614 2020 vocem
640 1985 732 2020 addit
758 1987 858 2019 etiam
882 1986 1066 2020 Rabanus“
1098 1986 1267 2032 (itemque

124 2033 202 2065 cdd.
227 2031 395 2076 Merlini).
421 2032 459 2064 R.
486 2052 527 2058 —
552 2032 672 2065 Matth.
696 2033 738 2072 V,
766 2032 797 2065 9.

215 2088 254 2132 ³)
278 2088 382 2121 Deest
405 2093 466 2127 „a“
486 2090 521 2121 in
547 2089 622 2121 edd.
649 2089 697 2122 M.
793 2087 830 2133 4)
855 2087 956 2121 Rom.
980 2087 1074 2128 XVI,
1094 2087 1146 2124 18.

179 2189 189 2222 ¹
216 2145 253 2188 5>
277 2145 366 2177 Edd.
392 2144 548 2178 Merlini:
582 2157 648 2188 qua
681 2143 788 2189 jurgia
819 2145 1023 2178 suscitantur
1054 2144 1089 2178 in
1116 2143 1268 2184 ecclesia,

125 2198 154 2223 et
193 2199 252 2223 ites
276 2198 335 2224 etc.

216 2245 254 2288 ὅ)
277 2246 377 2281 Jesai.
405 2247 443 2287 V,
469 2247 521 2282 20.
622 2245 657 2290 ⁷)
682 2245 781 2281 Rom.
810 2246 903 2288 XVI,
929 2245 981 2283 18«
