1377 2454
0 2020 5 2102 l,

352 101 703 136 COMMENTARIORUM
726 101 798 135 Lm.
822 101 879 135 VI.
1141 102 1186 137 45

56 204 127 227 tum
149 200 313 231 sanctum,
337 201 368 224 et
392 191 527 238 justum,
551 201 583 224 et
605 192 737 224 bonum
762 191 813 230 sit,
830 210 871 216 ——
887 191 982 235 quod
999 190 1088 224 enim
1103 205 1187 235 pro-

54 255 148 288 hibet
170 254 307 294 malum,
331 255 518 286 necessario
542 253 674 285 bonum
700 262 747 285 cst
769 271 823 292 —,
858 253 939 285 dum
965 253 1186 297 prohibendo

55 315 364 360 concupiscentiam
387 313 489 355 magis
521 327 593 346 eam
625 324 792 358 provocat
825 324 857 347 et
885 314 1092 354 inflammat,
1124 327 1188 359 per

54 378 186 410 bonum
211 376 295 409 mihi
320 385 496 421 operatum
522 384 568 408 est
592 384 749 408 mortem.
797 376 929 409 Iudicat
951 385 1065 408 tamen
1089 377 1190 420 Apo-

53 439 158 471 stolus
181 438 216 471 in
241 438 308 477 his,
340 438 433 481 quod
465 437 559 478 origo
592 437 723 480 peccati
748 450 785 469 ex
810 436 1085 481 concupiscentia
1112 446 1189 470 orta

54 499 112 538 sit,
148 501 229 532 dum
266 498 518 543 prohibente¹)
555 496 674 542 lege2)
699 498 767 531 sive
802 497 924 538 Mosis,
961 511 1048 542 quae
1087 499 1187 532 dicit:

54 560 196 604 ,‚uon³)
229 560 486 604 concupisces:“
516 559 583 592 sive
607 559 726 599 etiam,
761 568 796 592 ut
827 572 930 603 supra
961 559 1189 603 exposuimus,

54 623 215 660 naturali,
254 634 293 654 eo
332 620 580 659 contentiosius,
619 622 714 665 quod
751 620 967 665 prohibetur,
1014 622 1189 664 expetitur.

55 681 239 714 Sciendum
268 694 348 714 sane
381 691 444 721 est,
484 683 577 726 quod
614 681 888 725 concupiscentia
921 680 976 712 hie
1009 682 1188 725 culpabilis

54 742 201 787 ponitur.
249 742 307 775 Est
321 742 356 787 ¹²)
381 753 491 776 autem
516 742 551 775 in
575 744 687 776 multis
709 752 740 775 et
764 742 953 781 laudabilis,
976 742 1062 774 sicut
1085 756 1189 786 supra

56 804 270 837 ostendimus.
316 804 418 843 „Sine
433 803 468 848 ⁵)
493 805 564 845 lege
589 804 678 837 enim
714 813 893 850 peccatum
929 813 1106 836 mortuum
1133 813 1188 837 est.

54 864 126 906 Ego
152 874 262 898 autem
295 865 446 898 vivebam
480 860 552 899 sine
586 866 658 906 lege
684 866 888 910 aliquando;
919 867 979 898 sed
1014 865 1073 897 ubi
1098 866 1189 899 venit

54 928 263 966 mandatum,
286 936 464 970 peccatum
489 926 612 961 revixfft.
669 927 742 969 Ego
781 938 892 960 autem
917 936 1073 960 mortuus
1095 939 1190 968 sum3

55 997 87 1020 et
108 988 280 1020 inventum
307 998 352 1021 est
376 988 459 1021 mihi
482 990 691 1030 mandatum,
716 990 810 1033 quod
835 998 905 1021 erat
920 989 962 1021 ad
984 989 1096 1028 vitam,
1120 989 1189 1021 hoe

57 1061 125 1081 esse
148 1049 191 1081 ad
215 1054 392 1082 mortem.“
446 1050 501 1082 De
531 1049 581 1082 his
612 1062 722 1094 paene
753 1051 912 1083 omnibus
936 1049 1004 1095 jam
1029 1050 1064 1083 iu
1088 1063 1189 1095 supe-

56 1109 202 1142 rioribus
226 1111 327 1154 plene
351 1120 528 1143 tractatum
563 1120 626 1143 est:
657 1113 750 1144 unde
773 1124 816 1144 ne
839 1113 958 1144 eadem
981 1112 1112 1156 saepius
1136 1125 1190 1144 re-

56 1171 240 1210 volvamus,
263 1172 417 1211 brevher,
442 1185 529 1216 quae
554 1172 641 1204 dicta
665 1181 751 1212 sunt,
776 1173 810 1205 in
831 1173 1032 1205 memoriam
1050 1186 1189 1206 revoca-

56 1232 176 1265 bimus.
223 1233 303 1266 Sine
328 1234 398 1274 lege
422 1242 533 1266 autem
569 1243 747 1277 peccatum
772 1243 947 1266 mortuum
973 1247 1041 1267 esse
1064 1235 1098 1266 in
1123 1248 1189 1268 no-

55 1293 116 1333 bis,
139 1294 205 1326 hoc
231 1303 286 1333 est,
310 1303 489 1337 antequam
521 1307 582 1339 per
614 1304 754 1327 aetatem
780 1295 987 1328 rationabilis
1010 1297 1098 1329 intra
1124 1310 1188 1330 nos

54 1368 167 1388 sensus
191 1354 324 1396 vigeret,
348 1355 563 1394 ostendimus,
590 1369 667 1387 cum
693 1355 791 1387 etiam
818 1357 1009 1402 exemplum
1023 1357 1059 1401 6)
1089 1359 1188 1402 pueri

53 1415 268 1461 percutientis
291 1425 422 1460 patrem
448 1425 505 1448 aut
524 1426 683 1456 matrem,
716 1417 767 1449 vel
792 1417 1021 1451 maledicentis
1046 1419 1188 1452 adduxi-

54 1490 138 1510 mus.
183 1478 223 1510 In
259 1490 327 1521 quo
359 1479 547 1510 secundum
583 1477 739 1522 legen17)
775 1478 911 1522 quidem
945 1479 1186 1523 prohibentem

54 1537 185 1582 percuti
210 1539 261 1571 vel
290 1538 447 1573 maledici
478 1548 609 1584 patrem
642 1548 698 1572 aut
721 1549 881 1578 matrem,
911 1551 1088 1585 peccatum
1114 1542 1187 1576 fieri

54 1599 201 1632 videtur:
231 1601 288 1633 sed
318 1599 407 1633 istud
438 1611 616 1645 peccatum
647 1610 821 1633 mortuum
849 1615 917 1634 esse
942 1603 1083 1642 dicitur,
1107 1603 1187 1647 quia

53 1661 106 1693 lex
128 1663 284 1694 nondum
311 1663 402 1695 adest
425 1662 459 1695 in
484 1676 604 1707 puero,
630 1675 717 1707 quae
734 1675 810 1695 eum
833 1664 962 1702 doceat,
988 1664 1066 1704 hoc,
1091 1666 1186 1708 quod

53 1722 143 1762 facit,
166 1723 239 1755 fieri
262 1737 334 1756 non
357 1723 467 1756 licere.
524 1724 607 1757 Sine
646 1724 708 1757 hac
742 1733 853 1757 :nutem
888 1724 959 1765 lege
985 1735 1016 1757 ct
1040 1725 1187 1759 Paulum

56 1791 87 1814 et
111 1796 228 1816 omnes
252 1785 404 1818 homines
430 1795 556 1819 certum
590 1794 636 1817 est
660 1784 845 1828 aliquando
869 1786 1000 1825 vixisse,
1032 1787 1098 1819 hoe
1130 1795 1187 1826 est,

55 1841 92 1876 in
115 1853 219 1877 aetate
244 1846 375 1889 puerili.
417 1847 545 1880 Omnes
571 1847 659 1879 enim
683 1845 835 1880 similiter
858 1859 920 1890 per
943 1848 1028 1880 illud
1053 1857 1186 1892 tempus

151 1959 184 2002 ι>
208 1944 368 2007 Editivspr.
394 1977 421 1996 c.
447 1964 521 1996 edd.
546 1963 615 2006 Μ.)
640 1964 744 1996 male:
769 1963 1024 2007 „prohibeturf‘
1049 1964 1088 1997 R.

147 2014 183 2058 ²)
207 2015 293 2049 Edd.
318 2018 471 2053 B'Ierliui:
497 2033 514 2052 a
540 2020 620 2060 lege.
715 2018 751 2061 3)
777 2019 885 2051 Exod.
910 2021 988 2059 XX,
1014 2021 1066 2054 17.

149 2068 184 2113 ⁴²)
209 2071 298 2104 Editi
334 2075 380 2113 (v.
407 2087 431 2106 c.
463 2076 538 2107 edd.
564 2074 648 2118 M.):
686 2074 766 2114 „Est
798 2085 909 2108 autem
942 2085 973 2108 et
1003 2078 1038 2109 in
1072 2077 1185 2110 multis

0 2128 6 2146 r
54 2115 243 2154 laudabilis,
265 2118 349 2150 sicut
372 2132 473 2163 supra
498 2120 669 2152 diximus.⁴‘
702 2119 742 2152 R.

147 2170 182 2213 ⁵)
208 2171 305 2203 Rom.
330 2172 402 2212 VH,
425 2174 563 2210 8—10.

145 2226 182 2268 ὅ)
210 2225 278 2259 Csr.
305 2229 353 2260 ed.
380 2228 447 2274 huj.
473 2230 572 2262 Tom.
598 2231 637 2265 V.
662 2242 735 2275 pag.
759 2231 835 2265 334.
860 2232 916 2264 lin.
943 2233 971 2266 7.
997 2246 1087 2276 seqq.

149 2281 184 2323 7)
209 2282 316 2316 Exod.
337 2284 431 2326 ΧΧῙ,
457 2287 508 2321 15.
535 2288 586 2321 16-
