1320 2444
138 72 207 108 382
409 71 587 105 ORIGENIS
610 81 646 105 m
670 71 732 104 Ep,
756 76 804 104 An
832 72 1011 108 Romfflos

140 165 218 197 Deo
243 162 441 209 hujusmodi
466 163 588 195 fidem:
630 176 701 195 non
733 172 847 196 lamen
878 163 1007 198 idcirco
1034 166 1205 206 cogendus
1238 175 1284 200 est

141 236 173 259 ct
188 226 222 270 ¹)
248 226 347 265 alius,
371 235 409 258 ut
433 224 549 258 omnia
574 225 769 265 manducet,
793 227 852 269 qui
875 227 1032 259 nondum
1058 226 1160 260 habet
1182 228 1284 261 talem

138 290 255 327 fidem,
279 297 316 320 ut
342 288 456 320 credat
488 286 605 320 omni-'1
637 301 705 321 esse
729 288 982 321 manducanda.
1038 287 1145 332 Quod
1170 298 1284 322 autem

140 351 239 383 dixit:
264 349 437 393 „habes²)
471 350 563 394 apud
594 359 696 382 temet
726 350 887 395 ipsum:“
925 348 1118 394 jactantiam
1149 359 1284 390 resecat,

138 426 183 444 ne
208 411 311 452 magis
335 411 370 443 in
397 411 620 445 ostentatione
643 411 683 445 sit
709 413 803 456 quod
827 411 1006 452 credimus,
1032 424 1134 456 quam
1158 411 1193 444 in
1217 412 1283 444 vir-

138 483 220 506 tute.
252 473 396 506 Addidit
420 483 548 506 autem:
563 472 600 517 ³)
616 474 726 514 „habe
739 473 775 518 4)
795 487 910 507 coram
928 473 1005 506 Deo
1018 477 1046 506 :“
1071 482 1110 506 ut
1133 474 1281 512 doceret,

138 536 214 570 satis
242 537 411 576 agendum
434 534 551 575 nobis,
574 548 645 568 non
671 544 709 568 ut
741 537 833 581 apud
866 535 1021 568 homines
1051 535 1134 568 fides
1168 544 1286 568 nostra

140 600 354 636 diffametur,
385 597 445 628 sed
470 607 507 629 ut
531 599 622 642 apud
647 598 762 630 Deum
786 597 962 642 probetur.
1008 596 1159 629 Multum
1173 595 1209 640 ⁵)
1236 605 1284 629 cst

139 670 263 698 autem,
290 672 404 691 coram
430 658 508 691 Deo
528 660 653 692 habere
667 660 884 703 probabilem
904 660 1017 692 fidem.
1053 659 1156 703 Apud
1170 658 1285 690 Deum

140 721 231 754 enim
259 722 358 754 etiam
383 721 633 765 Apostolorum
667 721 750 754 fides
781 720 935 765 parvafi)
972 719 1161 765 judicatur:
1192 721 1285 752 unde

140 784 266 817 dicitur
289 783 333 815 ad
358 781 514 815 Petrum:
537 782 716 823 „modicae
732 782 767 826 7)
800 782 901 821 fidei,
936 795 1042 826 quare
1074 781 1232 815 dubitasti
1246 780 1285 814 ?“

139 845 274 878 Idcirco
301 857 380 886 ergo
406 856 483 876 vere
513 857 653 887 magnus
679 853 739 884 est,
764 843 822 888 qui
848 856 965 877 coram
985 843 1063 876 Deo
1081 844 1184 876 habet
1200 855 1282 887 pro-

139 907 291 940 habilem
314 906 429 938 fidem.

230 969 261 1001 5.
286 965 495 1011 ‚,Beatus‚⁵)
534 966 592 1010 qui
627 979 699 998 non
731 965 860 1011 judicat
890 975 996 999 semet
1027 965 1139 1010 ipsum
1171 966 1207 999 in
1232 978 1284 1005 eo,

139 1030 236 1075 quod
260 1029 396 1073 probat.
446 1028 516 1071 Qui
532 1036 643 1061 autem
664 1027 834 1068 discernit,
853 1027 880 1061 si
897 1027 1162 1068 manducaverit,
1186 1028 1285 1061 dam-

139 1102 238 1125 natus
263 1099 327 1130 est,
352 1089 431 1134 quia
446 1088 483 1134 ⁹)
518 1102 591 1122 non
620 1102 656 1121 ex
682 1090 760 1123 fide.
810 1088 997 1133 Ornnc¹⁰)
1024 1098 1157 1129 autem,
1189 1089 1283 1133 quod

139 1167 212 1187 non
240 1162 286 1186 est
311 1165 349 1185 ex
373 1153 451 1192 fide,
475 1161 655 1196 peccatum
681 1155 759 1185 est.“
805 1150 930 1186 Beatus
948 1149 1029 1196 ''iluis
1053 1151 1188 1191 dicitur,
1211 1164 1285 1183 non

139 1216 253 1249 solum
279 1214 305 1248 si
329 1214 430 1247 faciat
455 1226 511 1253 ea,
547 1226 635 1257 quae
659 1213 840 1258 competit,
871 1214 931 1247 sed
964 1222 995 1246 et
1022 1213 1050 1246 si
1080 1226 1154 1246 non
1184 1211 1285 1245 faciat

140 1291 190 1318 ca,
205 1277 213 1296 ¹
226 1276 262 1321 ¹)
278 1288 365 1320 quae
385 1288 456 1308 non
475 1275 657 1320 competit:
683 1284 719 1307 ut
731 1274 788 1308 ille
812 1276 971 1315 ‚,bcatus“
986 1274 1044 1318 ¹²)
1067 1274 1201 1314 dicitur,
1227 1272 1284 1317 qui

139 1353 231 1379 „non
258 1337 340 1371 abiit
362 1337 398 1370 in
423 1336 566 1370 consilio
592 1335 811 1382 impiorum,“
839 1347 871 1370 ct
883 1336 939 1376 ille
957 1336 1180 1370 nihilominus
1202 1336 1283 1368 bea-

140 1400 270 1444 tus‚¹³)
295 1399 354 1444 qui
379 1399 530 1431 ambulat
563 1398 596 1431 in
621 1399 694 1440 lege
717 1397 871 1431 Domini.
929 1399 990 1432 Ille
1007 1398 1062 1442 ¹⁴)
1089 1409 1180 1438 ergo,
1205 1395 1283 1441 quia

237 1495 271 1538 ¹)
297 1494 401 1526 Deest
423 1493 458 1526 in
484 1493 580 1526 editis
606 1493 654 1538 (v.
679 1506 705 1524 c.
733 1492 809 1525 edd.
835 1491 924 1536 M.):
950 1496 1033 1532 „et.“
1060 1492 1100 1525 R.

233 1552 271 1596 2)
295 1551 396 1584 Rom.
421 1550 514 1589 XIV,
539 1550 594 1583 22.

233 1608 270 1652 ³)
295 1604 579 1639 praetermittitur
614 1605 650 1638 in
686 1614 782 1639 antea
817 1604 911 1638 editis
949 1605 997 1648 (v.
1030 1617 1057 1637 c.
1089 1604 1164 1637 edd.
1196 1602 1281 1647 Μ).

139 1657 307 1696 ‚‚-·1utem.“
329 1651 370 1684 R.

235 1709 272 1753 ²²)
297 1708 398 1741 Rom.
423 1707 517 1746 XIV,
540 1708 594 1741 22.

236 1766 271 1809 5)
298 1765 386 1797 Edd.
412 1763 568 1796 Merlini:
601 1763 752 1796 Multum
788 1772 900 1796 autem
933 1771 980 1796 est
1013 1762 1138 1796 hahere
1164 1774 1278 1794 coram

140 1813 218 1845 Deo
243 1809 462 1856 probabilem
485 1808 600 1843 fidem.

235 1867 272 1912 6)
299 1864 476 1899 omittitur
499 1865 535 1898 in
560 1865 656 1899 editis
680 1864 728 1910 (v.
754 1878 780 1897 c.
805 1865 882 1898 edd.
905 1863 992 1907 MA)
1017 1866 1174 1909 „parva.“
1194 1861 1234 1894 R.

235 1923 272 1967 ⁷)
295 1921 415 1955 Matth.
439 1921 532 1961 XIV,
556 1922 610 1956 31.
705 1921 743 1965 ὅ)
766 1920 869 1954 Rom.
894 1920 988 1960 XIV,
1011 1920 1065 1954 22.
1089 1919 1143 1954 23.

235 1980 273 2023 9)
296 1978 385 2011 Edd.
410 1977 568 2010 Merlini:
594 1977 672 2022 quia
696 1990 768 2010 non
793 1985 840 2011 est
865 1989 903 2010 ex
926 1977 1006 2010 fide.

214 2036 270 2081 ¹⁰)
294 2035 542 2067 Desidet-antur
579 2034 614 2067 in
654 2033 749 2067 editis
785 2035 834 2078 (e.
868 2047 895 2066 c.
935 2033 1011 2066 edd.
1048 2030 1118 2075 M.)
1160 2030 1278 2063 verba:

139 2084 278 2127 „Omne
302 2089 433 2120 autem,
471 2080 564 2122 quod
596 2092 668 2112 non
699 2088 746 2113 cst
773 2092 810 2112 ex
834 2079 920 2119 fide,
943 2085 1120 2123 peccatum
1145 2079 1222 2116 est,“
1247 2083 1278 2107 et

141 2130 361 2165 a·estitu11ntur
385 2138 423 2157 ex
446 2125 527 2157 issss.
553 2123 593 2157 R.

214 2185 271 2228 ¹¹)
295 2183 360 2216 Ed.
386 2180 433 2214 M.
459 2181 498 2213 Π.
523 2180 626 2212 male:
654 2192 704 2213 eo.
781 2179 838 2225 ¹²)
863 2179 985 2213 Psalm.
1010 2179 1036 2220 I,
1059 2179 1089 2212 1.

215 2240 273 2283 ιε)
298 2238 367 2271 cfr.
391 2237 516 2270 Psalm.
542 2235 667 2276 cxlx,
691 2238 721 2272 1.
742 2234 937 2281 (exirm.)

215 2296 272 2337 Ν)
295 2293 614 2327 praetermittuntur
637 2292 671 2325 in
698 2291 792 2327 editis
828 2292 874 2336 (v.
907 2304 933 2325 c.
958 2291 1032 2324 edd.
1057 2288 1124 2333 M.)
1154 2288 1272 2321 verba:
