1320 2444
316 69 668 104 Commnnmmonum
691 67 765 101 Lm.
793 66 857 100 IX.
1076 69 1146 104 363

102 163 155 197 42.
178 159 278 202 „Scio
294 158 329 201 ι)
365 167 397 192 et
421 158 561 192 confido
585 157 621 190 in
644 156 801 190 Domino
825 157 926 198 Jesu,
958 156 1037 202 quia
1060 157 1146 190 nihil

18 234 64 260 cst
84 235 267 257 commune
289 234 352 266 per
373 234 409 255 se
420 218 456 264 ²)
482 219 604 264 ipsum,
626 218 688 252 nisi
718 218 768 258 ei,
793 218 851 263 qui
876 219 1038 252 existimat
1063 219 1146 263 quid

17 297 199 320 commune
223 296 302 323 esse,
323 282 372 315 illi
398 292 580 315 commune
608 288 663 313 est.
710 279 796 324 Si³)
822 280 910 313 enim
934 290 1078 325 propter
1101 280 1149 313 ei-

14 349 97 381 bum
120 347 223 379 frater
244 354 320 378 tuus
345 343 571 381 contristatur,
593 340 662 387 jam
681 355 754 374 non
770 343 959 376 secundum
977 343 1147 376 caritatem

15 407 177 442 ambulas.
222 406 304 440 Noli
327 405 405 439 cibo
430 414 490 438 tuo
514 403 611 436 illum
636 405 790 448 perdere,
813 417 877 449 pro
902 416 972 448 quo
1000 403 1151 437 Christus

15 478 168 503 mortuus
193 472 273 501 est.“
308 467 464 501 Diximus
489 475 521 499 et
543 465 579 498 in
603 465 685 505 aliis,
700 467 795 510 quod
818 465 854 498 in
867 464 1050 509 Scripturis
1072 478 1151 498 san-

17 529 75 564 ctis
104 530 283 562 vernacula
316 530 464 573 quadam
495 527 742 572 appellatione,
779 528 873 571 quod
914 535 1068 559 sanctum
1097 526 1150 558 vel

16 591 183 624 mundum
209 604 280 623 non
305 599 361 630 est,
386 601 571 623 commune
592 588 808 622 nominetur:
841 601 928 633 quae
950 597 1064 621 tamen
1091 601 1152 632 ap-

15 652 156 698 pellatio
179 652 216 685 in
240 665 332 685 novo
367 650 582 685 Testamento
617 650 825 693 frequentius
856 648 1085 693 invenitur‚‘²)
1116 649 1152 682 in

16 714 118 747 veteri
143 727 221 746 vero
246 727 318 746 non
343 714 511 746 recordor
531 711 640 746 sicubi
654 712 829 745 nominata
851 721 914 744 est:
939 711 1023 744 utin
1040 710 1152 744 Evan-

17 774 152 820 gelio⁵)
177 774 333 808 Salvator
364 774 462 814 dicit,
493 774 570 819 quia
602 773 712 816 ‚,de⁶)
749 774 854 806 corde
876 773 1070 817 procedunt
1094 786 1154 805 co-

18 836 193 878 gitationes
216 837 336 877 malac,
358 835 556 875 homicidia,
577 833 833 874 fornicationes,
853 834 1030 874 adulteria,
1052 836 1154 874 furta,

16 898 148 943 fal-5:2⁷)
172 897 380 932 testimonia:
407 907 439 930 et
460 897 520 931 ista
543 906 631 937 sunt,
655 910 742 941 quae
761 895 1067 939 communicantss)
1092 895 1155 928 ho-

17 959 158 994 minem.
201 959 282 992 Non
307 958 382 992 lotis
406 968 518 992 autem
543 959 701 992 manibus
726 959 944 997 manducare,
968 970 1039 990 non
1059 970 1153 989 com-

20 1020 217 1065 munient9)
243 1020 451 1054 hominem.“
499 1019 662 1064 Quamvis
693 1020 729 1052 in
753 1019 932 1052 nonnullis
956 1018 1156 1062 exemplari-

20 1085 84 1117 bus
108 1083 217 1116 Latini
249 1096 313 1127 pro
342 1080 722 1125 ‚‚communicant,“¹⁰)
756 1081 1002 1126 coinquinant
1032 1093 1156 1125 posue-

21 1145 106 1185 rint,
135 1144 238 1189 et¹¹)
270 1144 347 1177 licet
371 1145 490 1178 eadem
515 1143 617 1177 virtus
641 1143 699 1184 sit,
736 1142 926 1188 proprietas
950 1151 1063 1176 tamen
1087 1155 1157 1176 ser-

118 1299 153 1344 ¹)
179 1300 280 1333 Rom.
303 1301 398 1340 XIV,
421 1299 473 1333 14.
500 1301 552 1335 15.

117 1358 154 1400 2)
183 1356 285 1388 Deest
309 1360 384 1396 „se“
408 1356 442 1389 in
468 1357 519 1390 ed.
544 1355 661 1389 Ruaei.

116 1413 154 1458 ³)
178 1412 424 1446 Desiderantur
452 1412 489 1445 in
521 1411 616 1444 editis
640 1410 687 1455 (v.
714 1424 740 1444 c.
766 1411 841 1444 edd.
866 1410 935 1452 M.)
958 1411 1078 1443 verba:
1101 1411 1160 1449 „Si

25 1458 116 1492 enim
140 1477 183 1484 —
211 1457 435 1497 contristatur,
457 1456 525 1501 jam
549 1470 622 1489 non
648 1475 690 1480 —-
714 1456 878 1488 ambulas.
910 1455 991 1489 Noli
1015 1475 1057 1480 —
1082 1469 1159 1499 per—

26 1506 116 1543 dere,
139 1516 204 1548 pro
230 1516 298 1547 quo
325 1502 476 1535 Christus
499 1510 654 1534 mortuus
680 1505 757 1534 cst.“
793 1501 872 1533 Mss.
896 1500 1051 1545 plerique
1077 1515 1161 1533 con-

25 1558 153 1581 textum
184 1548 339 1592 Apostoli
370 1555 641 1592 prosequuntur,
674 1547 757 1578 alter
788 1558 896 1589 usque
929 1547 969 1579 ad
1003 1559 1083 1578 vers.
1109 1546 1161 1578 19.

26 1593 197 1632 inclusive,
221 1592 304 1625 alter
325 1605 433 1636 usque
458 1594 500 1624 ad
524 1591 674 1624 medium
698 1604 780 1624 vers.
804 1593 858 1624 20.
893 1591 962 1623 Sed
987 1604 1064 1623 cum
1090 1591 1162 1622 To-

27 1652 103 1671 mus
126 1638 169 1670 X.
193 1637 336 1682 incipiat
358 1651 376 1670 a
401 1650 497 1670 versu
516 1637 579 1675 16„
604 1645 694 1669 recte
716 1649 823 1680 usque
846 1637 889 1669 ad
914 1636 1005 1668 hunc
1029 1649 1161 1668 versum

28 1683 268 1717 tantummodo
293 1681 511 1727 prosequitur
531 1681 614 1713 Msc.
637 1681 719 1722 Reg.
743 1694 836 1713 num.
863 1680 960 1715 1639.
987 1680 1027 1712 R.

122 1738 158 1783 ⁴)
178 1739 286 1817 Ilgeest
318 1737 354 1772 in
390 1747 486 1770 antea
527 1736 621 1770 editis
661 1736 709 1780 (ν.
747 1749 775 1768 c.
814 1736 891 1769 edd.
922 1735 1009 1781 Μ.>;
1047 1736 1162 1778 „inve-

29 1784 154 1819 nitur.“
212 1810 219 1818 .

123 1841 160 1885 ⁵)
183 1840 271 1873 Edd.
296 1838 449 1872 Merlini:
474 1837 671 1881 Evangeliis.

122 1896 161 1940 ⁶)
183 1895 304 1928 Matth.
328 1895 405 1934 XV,
429 1895 481 1929 19.
506 1896 560 1929 20.

124 1952 161 1997 ⁷)
185 1953 274 1985 Edd.
297 1951 456 1985 Mcrlini:
482 1961 514 1985 et
537 1952 617 1985 falsa
641 1949 840 1984 testimonia.

123 2009 161 2051 8)
185 2009 276 2042 Alias
301 2008 347 2050 (v.
373 2022 400 2043 c.
424 2008 459 2041 in
484 2008 560 2040 edd.
584 2006 653 2050 M.)
676 2005 953 2052 „coinquinant.“
977 2007 1078 2040 Male.
1105 2007 1143 2040 R,

124 2065 163 2109 9)
185 2065 249 2098 Ed.
271 2065 321 2098 M.
348 2064 377 2098 I:
403 2063 669 2097 communicant.

107 2121 164 2164 ¹⁰)
190 2119 260 2153 Cfr.
284 2120 404 2153 Matth.
425 2120 502 2159 XV,
524 2121 579 2154 20.

108 2177 164 2221 ¹¹)
190 2175 281 2208 Editi
304 2176 351 2220 (V.
377 2189 404 2209 c.
430 2177 505 2209 edd.
532 2176 617 2219 M.):
641 2185 694 2216 „ct
716 2176 1009 2209 liceteademistic
1027 2175 1069 2209 sit
1083 2189 1166 2219 pro-

37 2222 175 2267 prietas,
203 2231 317 2254 tamen
340 2234 451 2256 sermo
478 2222 734 2256 communicant
766 2221 838 2267 (ed.
862 2221 910 2254 M.
934 2220 986 2255 Il:
1011 2233 1166 2255 commu-

37 2266 159 2312 nicat)
183 2268 314 2301 habet.“
338 2265 376 2301 R.
