1377 2454
328 86 678 120 commem-Anionem
702 83 774 116 Lm.
798 82 873 116 VII.
1101 83 1166 116 143

44 180 146 213 estis.“
197 177 297 210 Nunc
327 189 406 209 vero
441 165 483 209 inl
509 174 559 208 his
580 173 814 213 sermonibus,
837 185 923 217 quos
946 173 1110 206 habemus
1132 172 1166 205 in

36 241 215 287 manibus,
245 251 316 271 non
342 239 505 271 humanas
537 235 736 268 tentationes
764 235 910 274 indicat,
939 235 997 268 sed
1022 232 1167 279 majores

45 301 205 335 humanis.
251 301 294 333 Et
319 301 396 333 ideo
421 308 517 344 puto,
541 298 634 342 quod
662 297 698 330 in
728 295 900 341 prioribus
926 310 1002 329 cum
1029 309 1167 329 enume-

44 372 146 396 rasset
169 362 297 403 singula
323 373 485 406 quaeque,
509 361 551 393 ad
575 359 733 392 ultimum
758 357 850 391 dicit:
866 357 899 402 ¹)
919 357 1043 401 ,‚sed²)
1059 358 1094 390 in
1119 358 1169 390 his

44 424 203 457 omnibus
226 426 453 468 superamus.“
499 422 535 454 In
560 421 610 453 his
633 433 712 453 vero
736 419 876 453 secundi
911 420 1039 453 ordinis
1061 429 1167 452 tenta-

45 486 192 519 tionibus
207 485 335 518 nonita
353 485 562 518 confidenter
585 482 681 515 dicit:
720 494 938 525 „superamus
951 485 979 513 :“
1001 482 1059 514 sed
1072 482 1170 514 valde

47 547 191 579 tenuiter
214 547 276 586 ait,
305 547 381 591 quia
411 545 497 578 nihil
521 546 645 578 horum
669 542 862 587 „poterit³)
886 556 949 576 nos
970 555 1127 587 separare
1152 555 1170 574 a

48 609 183 641 caritate
221 608 306 647 Dei,
344 620 431 652 quae
466 616 514 640 est
541 607 576 639 in
609 605 744 638 Christo
776 605 890 637 Jesu.“
935 604 990 636 De
1015 603 1171 636 humanis

48 670 136 702 enim
169 669 409 702 tentationibus
433 678 592 712 tanquam
616 666 725 711 parvis
751 675 782 699 et
807 666 933 699 levibus
958 666 1172 698 confidenter

47 745 109 764 nos
132 743 185 763 eas
207 742 366 774 superare
389 728 603 773 pronuntiat:
626 729 699 761 illas
713 741 792 761 vero
816 727 1018 773 superiores,
1045 735 1076 759 et
1096 727 1173 770 plus

47 806 147 837 quam
173 792 347 829 humanas,
372 790 470 823 etiam
495 790 521 823 si
544 802 704 834 superare
728 798 760 822 et
785 798 1002 834 prosternere
1021 801 1092 820 non
1118 800 1174 819 va-

48 855 163 893 lemus,
188 872 229 878 -·
254 852 320 884 hoe
345 852 435 884 enim
459 851 561 884 solius
587 850 711 884 Christi
738 864 823 895 opus
848 860 910 890 est,
935 849 993 894 qui
1015 847 1174 891 „exuit‘²)

47 914 255 959 principatus
280 923 310 946 et
333 922 528 957 potestates,
555 913 769 957 triumphans
799 926 852 945 eas
882 912 918 944 in
952 919 1058 944 semet
1079 911 1176 954 ipso“

53 996 103 1016 —‚
126 985 237 1009 tamen
253 974 288 1019 ⁵)
314 984 344 1007 et
367 975 433 1006 hoc
463 975 500 1006 iu
522 973 683 1006 victoriae
709 974 788 1006 loco
815 983 871 1013 est,
892 973 929 1012 si,
955 985 1032 1004 cum
1059 984 1177 1004 omnes

49 1038 85 1069 in
108 1050 171 1069 nos
194 1035 491 1079 impugnationum
522 1049 660 1068 suarum
684 1035 856 1067 machinas
880 1033 1056 1073 torserint,
1079 1046 1097 1065 a
1122 1045 1177 1065 ca-

51 1098 147 1131 ritate
168 1107 280 1129 tamen
306 1096 369 1128 Dei
393 1109 454 1128 nos
477 1108 633 1139 separare
656 1109 726 1128 non
743 1096 881 1128 valeant.
928 1095 996 1127 Sed
1016 1093 1086 1137 jam
1105 1103 1178 1126 ten-

51 1169 156 1192 temus
179 1158 307 1199 singula
332 1157 513 1195 discutere,
546 1166 577 1189 et
611 1156 692 1200 quid
725 1158 766 1189 de
790 1168 1001 1199 unoquoque
1021 1167 1179 1189 sermone

50 1221 262 1254 sentiendum
297 1218 352 1258 sit,
380 1231 444 1262 pro
477 1218 601 1251 viribus
625 1217 765 1262 aperire.
811 1217 975 1260 Quamvis
1000 1217 1120 1250 altiora
1143 1217 1179 1249 in

52 1281 102 1315 his
135 1280 316 1322 contegisse
344 1279 498 1311 videatur
528 1280 734 1323 Apostolus,
780 1278 931 1322 quamfi)
963 1277 1179 1322 expositionis

51 1351 187 1375 nostrae
210 1344 297 1374 ferre
319 1340 462 1374 sufficiat
486 1339 607 1379 virtus,
633 1341 685 1372 vel
708 1341 794 1372 ratio
819 1339 986 1372 brevitatis
1012 1339 1182 1380 admittat3

52 1403 263 1447 requiramus
286 1411 399 1435 tamen
429 1400 455 1434 si
480 1400 596 1433 omnia
619 1402 698 1441 ista,
728 1413 815 1445 quae
847 1401 1056 1434 enumeravit
1084 1402 1180 1445 Apo—

149 1551 182 1595 Ι)
206 1550 294 1584 Edd.
318 1550 477 1584 Merlini:
502 1551 591 1584 dixit.

147 1606 184 1651 ²)
208 1607 308 1640 Rom.
333 1606 424 1661 VIII,
446 1607 500 1641 37.
617 1605 654 1649 3)
679 1607 780 1639 Rom.
806 1607 896 1648 VIII,
921 1608 976 1642 39.

148 1660 183 1705 ⁴)
209 1660 338 1696 Coloss.
361 1662 402 1702 II,
427 1664 532 1699 15η-
552 1662 640 1696 Edd.
659 1662 707 1696 M.
731 1673 762 1695 et
786 1664 826 1696 R.
849 1665 918 1697 hoc
941 1665 1042 1697 loco:
1062 1663 1183 1698 trium—

55 1707 161 1752 phans
186 1719 248 1739 eas.

149 1762 183 1805 ⁵)
209 1762 302 1796 Editi
331 1762 378 1807 (v.
411 1777 438 1796 c.
471 1764 548 1796 edd.
572 1762 660 1807 M),
689 1772 721 1795 et
744 1763 822 1797 Mss.
847 1764 960 1808 plures
983 1778 1182 1809 perperam:

57 1816 188 1846 „tamen
213 1809 324 1840 adhuc
347 1808 508 1841 victoriae
539 1809 633 1841 locus
666 1812 742 1842 est.“
797 1809 932 1841 Deinde
966 1809 1045 1842 editi
1073 1811 1121 1854 (e.
1153 1823 1182 1847 c,

60 1852 135 1884 edd.
158 1850 243 1895 Μ.)
275 1853 423 1892 „etiarnsi
454 1866 572 1886 omnes
602 1855 700 1896 (prot
730 1854 764 1885 si
795 1867 872 1887 cum
899 1855 1040 1898 omnes)
1063 1855 1098 1888 in
1121 1868 1184 1888 nos

59 1914 100 1921 —-
123 1897 290 1936 torserint,
313 1899 451 1941 quando
476 1911 494 1930 a
518 1898 655 1930 caritate
677 1898 773 1943 (edd.
798 1899 951 1932 Merlini:
976 1913 999 1932 a
1025 1901 1184 1932 caritate

60 1941 201 1983 tamen)
225 1941 290 1974 Dei
313 1956 376 1975 nos
399 1943 540 1976 minime
561 1956 767 1987 separamur.
793 1944 883 1977 Sed“
908 1953 968 1978 etc.
999 1945 1043 1977 Et
1066 1955 1185 1989 postea

59 1984 108 2028 (v.
134 1998 160 2017 c.
186 1987 261 2019 edd.
285 1987 371 2031 M.):
397 1987 569 2031 „quamvis
594 1989 714 2022 altiora
745 1989 922 2030 contigisse
954 1989 1055 2032 (Msc.
1080 2003 1185 2022 unus:

60 2031 306 2082 congessisse)
330 2033 501 2064 videatur“
526 2042 587 2067 etc.
634 2033 703 2066 Sed
732 2035 882 2078 potiores
907 2035 985 2068 Mss.
1017 2044 1049 2067 et
1072 2034 1185 2066 Raba-

58 2088 122 2107 nus
145 2085 182 2107 ut
205 2089 241 2108 m
264 2085 380 2109 nostro
400 2086 498 2110 textu.
527 2078 566 2111 R.

153 2130 189 2173 6)
215 2131 271 2164 Sic
295 2130 379 2164 Msc.
402 2146 489 2167 unus
513 2134 592 2175 Reg.
616 2148 709 2168 num.
736 2135 833 2170 1639.
862 2135 974 2169 Ceteri
999 2148 1079 2168 vero
1105 2134 1184 2169 Mss.

61 2185 92 2208 et
115 2175 290 2208 Rabanus:
315 2189 438 2220 „quam
460 2180 676 2222 expositionis
698 2190 834 2214 nostrae
856 2182 978 2214 sufficit
1000 2182 1111 2220 virtus,
1133 2182 1185 2213 vel

63 2240 104 2245 —
129 2221 302 2253 admittit.“
348 2221 439 2254 Editi
462 2224 614 2267 plerique
638 2224 684 2268 (v.
710 2239 738 2257 c.
755 2227 830 2259 edd.
855 2225 941 2270 ΜΛ)
963 2226 1185 2271 „expositioni

61 2266 113 2298 vel
135 2275 248 2299 nostra
270 2266 392 2300 sufficit
419 2267 531 2306 virtus,
553 2270 604 2301 vel
629 2289 670 2296 —
695 2271 871 2304 admittit.“
897 2271 935 2304 R.
