1320 2444
333 60 686 94 COMMENTAmonUM
711 60 782 94 Lm.
807 62 850 93 X.
1095 61 1163 96 383

30 166 102 187 non
126 151 277 185 ambulat
299 150 334 184 in
349 152 400 185 via
415 156 653 196 peccatorum:
679 150 745 191 hic,
768 150 847 195 quia
871 152 1024 185 ambulat
1038 152 1074 185 in
1093 153 1165 194 lege

29 213 184 253 Domini,
208 214 325 246 beatus
351 222 407 246 est.
463 213 513 246 Ita
546 221 577 245 et
599 211 683 257 in¹)
714 214 883 258 praesenti
910 215 989 247 loco
1015 215 1165 259 Aposto-

29 277 98 310 lus:
122 274 318 318 „beatus,²)
342 273 462 319 inquit,
487 274 630 318 quinon
646 273 775 319 judicat
793 285 898 308 semet
915 275 1027 320 ipsum
1051 277 1087 310 in
1113 290 1166 317 cO,

30 336 124 381 quod
147 336 303 381 probat.“
346 336 414 369 Sed
440 334 534 381 cujus
559 336 670 380 operis
694 336 733 369 sit
756 336 815 369 ista
839 337 1025 379 beatitudo,
1051 337 1164 372 videa-

27 412 112 431 mus.
159 397 312 442 Multi3)
337 397 428 430 enim
451 407 544 437 sunt,
577 397 634 441 qui
665 399 816 441 probant
847 399 975 443 aliquid
1008 401 1092 433 boni
1118 401 1166 433 fa-

28 472 124 493 cere:
149 460 242 493 verbi
256 460 370 501 gratia,
394 459 451 504 qui
466 459 639 493 audientes
659 460 700 492 de
721 460 878 505 praemiis
903 460 1059 494 castitatis
1082 474 1167 505 pro-

27 522 110 554 bant
134 531 165 554 et
186 531 337 555 statuunt
369 530 456 555 caste
479 521 605 554 vivere:
640 522 699 554 sed
732 535 892 565 processu
916 523 1090 567 temporis,
1115 525 1167 556 vel

27 582 239 627 subripiente
251 582 287 627 4)
312 582 523 625 negligentia,
551 584 602 615 vel
626 592 807 627 superante
822 584 975 623 libidine,
999 584 1044 624 id,
1070 586 1166 629 quod

28 645 279 678 observandum
304 646 544 689 probaverant,
569 646 762 677 maculatur
795 654 826 677 et
853 646 1101 690 corrumpitur:
1135 656 1167 680 et

27 715 75 738 est
98 706 214 739 infelix
237 706 313 747 iste,
340 706 397 751 qui
421 707 456 739 in
484 720 542 746 eo,
575 708 670 751 quod
696 708 874 740 observare
899 708 1092 741 decreverat
1116 708 1166 740 vi-

27 777 109 808 ctus,
132 777 238 801 semet
259 768 370 812 ipsum
396 766 524 813 judicat
548 778 579 802 et
602 770 820 802 condemnat.
857 769 981 803 Beatus
1004 782 1085 802 vero
1109 770 1167 803 ille

27 839 84 869 est,
110 829 167 874 qui
190 829 226 862 in
251 842 303 869 eo,
328 831 421 873 quod
446 831 573 875 probat
598 840 630 863 et
650 830 779 870 statuit,
813 830 857 863 ita
883 840 1061 875 permanet
1084 831 1168 865 fixus

28 901 59 924 et
81 890 219 931 stabilis,
242 900 280 924 ut
302 890 339 923 in
362 891 460 924 nullo
485 901 591 925 semet
615 892 726 936 ipsum
752 891 894 937 judicet,
931 891 967 925 in
991 892 1088 924 nullo
1114 906 1167 925 re-

25 953 227 997 prehendat,
274 952 352 986 Hoc
376 963 488 987 autem
513 953 592 998 et⁵)
616 954 651 986 in
679 955 891 987 observantia
917 954 1092 994 ciborum,
1115 968 1168 988 se-

28 1016 182 1048 cundum
207 1027 281 1047 eam
307 1015 470 1056 regulam,
504 1028 606 1059 quam
637 1015 791 1058 superius
814 1015 935 1054 texuit,
968 1016 1167 1050 habendum

27 1076 118 1116 dicit,
142 1086 190 1117 ut,
213 1077 240 1110 si
265 1076 339 1120 quis
364 1086 419 1116 est,
443 1077 501 1121 qui
519 1090 582 1122 per
599 1077 772 1111 scientiam
788 1077 968 1122 spiritualis
979 1077 1058 1118 legis
1082 1092 1166 1122 pro—

26 1139 85 1170 bat
113 1137 229 1171 omnia
253 1138 516 1179 manducanda,
541 1148 572 1172 et
598 1139 712 1171 omnia
738 1151 805 1172 esse
830 1140 969 1179 munda,
994 1153 1066 1172 non
1091 1153 1167 1172 rui·-

26 1213 101 1233 sum
124 1199 253 1245 judicet
275 1209 379 1233 semet
402 1200 531 1244 ipsum,
563 1211 594 1234 et
619 1200 868 1233 dubitationem
893 1201 1018 1245 capiat,
1050 1211 1166 1235 utrum

24 1274 159 1294 sumere
183 1261 368 1306 debeat,⁶)
401 1275 464 1295 nec
488 1275 548 1295 ne:
580 1261 658 1307 quia
691 1262 749 1306 qui
773 1262 839 1295 hoc
864 1264 971 1295 modo
998 1263 1168 1304 discernit,

27 1323 94 1356 hoc
110 1322 145 1367 7)
172 1332 235 1363 est,
261 1322 318 1367 qui
343 1323 492 1363 dubitat,
516 1332 631 1357 utrum
657 1337 734 1356 vere
756 1324 925 1357 mundum
951 1324 1007 1366 sit,
1034 1340 1077 1358 an
1100 1326 1166 1359 im-

25 1385 205 1425 mundum,
231 1386 326 1429 quod
349 1385 460 1426 sumit,
486 1385 596 1430 istess)
625 1399 663 1419 ex
680 1387 752 1430 ipsa
767 1385 871 1419 animi
884 1385 936 1419 sui
952 1387 1166 1420 dubitatione

25 1502 107 1541 „Ille
132 1514 229 1543 ergo,
263 1504 342 1547 quia
367 1524 407 1530 -—
433 1513 673 1549 peccatorum:
712 1503 784 1542 hic,
822 1504 900 1548 quia
932 1524 977 1530 —
1009 1505 1166 1545 Domini,

27 1549 143 1580 beatus
175 1556 229 1580 est
234 1552 252 1566 “
307 1549 468 1582 Rabanus
502 1562 683 1594 perperam
716 1549 835 1581 habet:
878 1549 1016 1588 „inutile
1048 1551 1165 1584 beatus

26 1601 83 1632 est,
109 1593 165 1635 qui
191 1605 263 1625 non
287 1602 349 1626 stat
373 1594 408 1627 in
432 1596 482 1627 via
500 1603 739 1646 peccatorum,
771 1593 857 1626 sicut
881 1595 948 1634 ille,
973 1595 1031 1638 qui
1056 1596 1166 1628 medi-

27 1647 116 1670 tatur
141 1636 292 1681 quotidie
317 1638 352 1671 in
373 1639 445 1680 lege
463 1639 617 1679 Domini,
642 1641 759 1671 beatus
777 1644 843 1671 est!
847 1639 953 1671 ‘Msc.
972 1639 1052 1681 Reg
1070 1654 1165 1676 num.

27 1683 124 1717 1639.
149 1682 243 1722 ‚‚hic‚
273 1684 351 1727 quia
384 1685 537 1717 ambulat
568 1685 604 1717 in
636 1684 689 1717 via
713 1684 811 1716 Dei.“
866 1684 935 1717 Sed
961 1686 1062 1718 ceteii
1086 1685 1165 1719 Mss-

24 1737 115 1760 recte
147 1738 183 1760 ut
206 1727 241 1760 in
264 1739 381 1762 nostro
407 1739 506 1764 textu.
532 1729 571 1763 R.

123 1783 157 1827 ¹)
182 1784 286 1817 Deest
308 1784 386 1824 ‚‚in“
409 1785 445 1818 in
471 1787 521 1819 cd,
545 1785 594 1818 M.
619 1785 662 1818 II.
757 1784 794 1829 ²)
819 1783 920 1819 Rom.
943 1785 1038 1827 XIV,
1065 1788 1119 1821 22.

119 1840 156 1884 3)
181 1840 265 1874 Msc.
297 1841 375 1883 Reg.
407 1856 501 1875 num.
534 1841 649 1881 1639„
681 1840 859 1881 Rabanus,
893 1851 924 1874 et
957 1843 1036 1876 editi
1061 1845 1107 1887 (ν.
1136 1858 1163 1877 c.

27 1886 103 1918 edd.
128 1885 196 1930 M.)
221 1868 366 1919 habenti
404 1887 527 1927 „Multi
550 1895 637 1926 sunt,
663 1887 720 1931 qui
746 1887 918 1931 probant“
942 1897 1013 1928 etc„
1038 1889 1162 1923 omisso

27 1930 172 1970 „enim,“
197 1932 292 1975 quod
316 1933 430 1965 ferunt
454 1933 532 1966 NIss
558 1933 683 1976 plures.
708 1932 747 1965 R.

115 1985 152 2030 ¹²)
176 1987 264 2021 Edd.
289 1987 444 2020 Merlini:
467 1997 675 2033 surrepente.

122 2042 158 2086 5)
183 2043 285 2076 Deest
308 2044 343 2076 in
369 2044 463 2077 editis
488 2051 536 2089 (V.
563 2058 590 2077 c.
616 2045 692 2078 edd.
719 2043 804 2090 Μ.;)
828 2050 913 2086 ‚,et.“
937 2047 975 2079 R.

121 2098 157 2142 ⁶)
182 2099 244 2132 Ed.
270 2100 317 2134 Μ
342 2100 383 2133 ΙΙ.
409 2101 514 2133 male:
540 2101 676 2134 debear.

122 2155 156 2197 ⁷)
183 2154 397 2189 Omittuntur
428 2156 463 2189 in
494 2157 588 2192 libris
618 2167 714 2191 antea
751 2157 847 2192 editis
877 2158 923 2203 (v.
956 2171 982 2193 c
1016 2159 1050 2191 in
1086 2159 1161 2192 edd.

29 2197 97 2243 Μ.)
123 2201 240 2233 vterba
265 2202 354 2241 „hoc
379 2211 434 2236 est
439 2206 457 2221 “
482 2202 521 2235 R.

121 2255 160 2300 ⁸)
186 2256 277 2291 Editi
301 2258 349 2301 (v.
376 2271 402 2290 c.
428 2259 504 2292 edd
529 2259 613 2303 M.):
648 2259 729 2302 „iste
760 2272 798 2293 ex
823 2259 925 2294 animi
949 2259 1045 2305 (edd.
1068 2259 1161 2292 Mer-
