1377 2454
290 116 645 150 Commssummonum
677 115 750 148 Lm.
782 115 858 149 VH.
1101 116 1148 151 99

9 208 160 243 dicebat:
184 207 334 251 „nam¹)
358 205 439 252 αἳ)
464 206 490 240 si
513 205 549 246 is,
575 204 633 249 qui
659 204 785 238 deforis
812 213 871 246 est,
899 204 1005 238 homo
1030 214 1146 239 noster

9 268 257 314 corrumpitur,
288 269 347 301 sed
380 268 437 313 qui
470 267 559 302 intus
591 275 640 299 est
663 271 878 300 renovatur.“
923 266 1097 300 Interioris
1109 267 1147 311 3)

9 340 120 365 autem
144 330 291 364 hominis
315 328 507 369 renovatio,
531 337 650 372 utpote
675 327 733 372 qui
759 337 807 361 est
832 327 1042 361 rationabilis
1065 338 1098 362 et
1110 328 1146 373 Δ)

9 406 116 432 mens,
140 391 177 425 in
200 390 371 434 agnitione
402 390 469 423 Dei
499 399 531 423 et
555 388 738 434 capacitate
762 389 868 422 sancti
892 389 1038 434 Spiritus
1063 403 1146 422 con-

7 462 82 488 stat.
128 454 258 486 Verum
291 462 329 485 ut
359 451 472 497 aliqua
497 452 540 485 de
564 460 633 485 tam
657 450 841 495 profundis
873 452 975 485 rebus
1001 451 1149 484 breviter

9 527 47 548 ac
63 514 99 559 ⁵)
122 514 260 548 strictim
275 514 311 557 ⁶)
327 513 426 547 etiam
450 512 607 546 chartulis
628 511 889 552 committamus,
916 526 955 546 ex
968 512 1004 555 ⁷)
1025 512 1097 558 ipsa
1110 513 1148 557 8)

9 575 178 610 interioris
202 574 365 615 hominis,
398 575 462 607 hoc
495 583 559 614 est,
592 573 724 606 animae
747 574 938 619 mentisque
961 574 1148 607 substantia

12 637 209 680 colligamus
233 636 422 678 imaginem,
448 637 625 680 quomodo
650 635 809 676 „vanitati
822 634 858 680 ⁹)
889 645 1041 668 creatura
1066 637 1147 669 sub-

9 697 94 744 jecta
115 707 163 731 est
176 711 246 730 non
267 698 394 737 volens,
418 698 475 730 sed
491 707 633 742 propter
649 710 738 737 cum,
765 696 822 742 qui
843 697 987 744 subjecit
1002 710 1074 730 eam
1090 697 1147 743 ¹⁰)

8 758 44 793 in
68 772 126 804 spe
137 763 166 791 :“
189 767 222 792 et
244 758 366 803 ipsum,
389 759 416 792 si
441 758 582 798 videtur,
608 758 754 791 Paulum
774 771 943 803 ponamus
961 758 997 791 in
1021 760 1150 799 medio,

8 819 104 866 cujus
128 819 245 865 utique
270 820 390 860 anima,
414 810 466 853 {rel
490 834 595 859 mens,
622 820 680 865 qui
705 830 754 853 est
777 819 920 853 interior
936 818 1007 866 ejus
1031 822 1149 861 homo,

8 881 263 927 supergreditur
293 891 327 915 et
356 881 530 915 adscendit
561 895 681 922 omne,
722 882 817 926 quod
851 894 1058 926 corporeum
1091 892 1150 924 est,

10 943 105 988 quod
128 942 267 983 visibile,
294 944 389 988 quod
414 943 525 977 sensui
549 941 701 989 subjacet
726 952 758 976 et
779 943 964 987 adspectui,
990 953 1022 977 et
1046 944 1150 989 ipsius

10 1004 143 1038 divinae
165 1013 307 1037 naturae
331 1004 478 1037 efficitur
502 1017 616 1049 capax.
654 1004 746 1038 Sed'
762 1004 794 1048 ¹)
819 1005 902 1037 haec
926 1014 1018 1038 tanta
1044 1015 1076 1038 ct
1099 1015 1150 1039 ta-

11 1065 51 1099 lis
75 1065 206 1098 animae
231 1064 302 1111 ejus
326 1065 531 1105 substantia,
556 1079 642 1109 quae
668 1065 815 1098 rationes
840 1074 872 1098 et
895 1065 1152 1109 intelligentiam

13 1127 211 1160 coelestium
248 1125 511 1171 divinorumque
547 1140 708 1159 sensuum
738 1135 848 1166 tenet,
884 1146 926 1151 —-
960 1128 1082 1172 quibus
1113 1142 1152 1162 ex

13 1187 130 1228 causis,
149 1188 244 1220 Deus
258 1186 378 1219 viderit
392 1208 446 1227 —,
461 1186 610 1233 subject-‘1
627 1197 675 1220 est
691 1186 841 1220 servituti
859 1189 1012 1233 corporis
1031 1203 1151 1223 corru-

12 1249 158 1295 ptibilis,
190 1257 222 1282 et
252 1248 390 1281 vanitati
423 1247 493 1295 ejus
526 1248 679 1282 devincta
718 1257 775 1282 est.
848 1249 1036 1284 Considera
1061 1251 1152 1284 enim

11 1310 222 1344 necessitates
240 1309 404 1354 corporis,
428 1309 655 1355 appetentiam
674 1309 752 1350 cibi,
775 1309 1000 1353 digestionum
1017 1312 1073 1357 ¹²)
1087 1326 1152 1358 pu—

107 1437 142 1483 ¹)
165 1437 199 1470 II
225 1436 305 1470 Cor.
329 1438 388 1478 lV,
412 1438 466 1474 16.
558 1437 596 1482 ²)
622 1438 727 1471 Deest
750 1442 826 1478 „et“
850 1437 885 1471 in
910 1439 987 1472 edd.
1012 1440 1062 1473 M.

105 1493 143 1537 ³)
167 1493 223 1528 Sic
246 1494 423 1535 Rabanus,
458 1503 490 1527 et
521 1495 606 1527 Msc.
637 1508 726 1526 unus
751 1494 832 1536 Reg.
880 1495 974 1528 Editi
998 1509 1077 1529 vero
1104 1498 1151 1543 (v.

15 1553 43 1573 c.
67 1539 144 1572 edd.
168 1538 254 1583 Ma)
279 1539 473 1579 „Interioris
498 1549 609 1572 autem
636 1539 783 1572 hominis
807 1539 843 1572 in
868 1541 919 1573 his
943 1542 1153 1575 renovatio.“

13 1584 95 1618 Mss.
122 1584 275 1629 quidam:
299 1584 494 1625 „luten-ioris
517 1594 630 1618 autem
655 1584 803 1617 hominis
829 1585 924 1631 cujus
945 1588 1153 1621 renovatio.“

14 1630 115 1663 Male.
140 1630 181 1662 R.

106 1685 145 1730 4)
169 1685 274 1718 Deest
297 1685 333 1719 in
358 1686 454 1720 editis
479 1687 528 1731 (v.
554 1699 580 1718 c.
606 1685 683 1718 edd.
708 1684 796 1730 MA)
819 1684 908 1726 „in.“
932 1686 972 1719 R.

108 1740 144 1785 ⁵)
169 1741 257 1774 Edd.
282 1742 440 1776 MerlinI:
466 1746 554 1782 „et.“

109 1796 146 1840 ⁶)
170 1796 262 1829 Editi
287 1797 334 1842 (v.
361 1811 388 1830 c.
415 1798 490 1831 cdd.
513 1797 600 1842 M.):
625 1796 791 1838 ,‚statim.“
815 1797 920 1832 Male.
944 1798 985 1833 R.

109 1851 146 1895 ⁷)
168 1852 249 1885 Mss.
282 1853 436 1897 quidam,
470 1862 502 1886 et
535 1853 714 1886 Rabanus:
756 1862 811 1893 „et
845 1853 953 1898 ipsam
983 1855 1153 1891 interioris

19 1895 174 1936 hominis,
198 1898 262 1929 hoc
286 1907 343 1938 est,
370 1899 500 1931 animae
524 1898 715 1943 mentisque
736 1899 963 1932 substantiae“
988 1911 1047 1935 etc.
1085 1904 1152 1936 Sed

19 1941 142 1974 melior
164 1941 296 1974 videtur
319 1944 418 1976 lectio
446 1943 532 1976 Cod.
556 1944 638 1985 Reg.
663 1957 758 1975 num.
784 1944 900 1984 1639.,
926 1954 958 1977 ct
983 1948 1154 1981 editorum

19 1986 68 2031 (v.
93 2000 119 2020 c.
145 1987 219 2019 edd.
244 1987 321 2033 M),
348 2002 449 2033 quam
473 1988 508 2021 in
532 1998 624 2021 textu
649 1987 858 2021 retinuimus.
890 1990 929 2024 1'..

112 2041 149 2084 8)
174 2042 237 2075 Ed.
261 2044 311 2081 M,
337 2044 369 2076 I:
394 2054 448 2085 „et
471 2044 573 2089 ipsa.“
597 2044 743 2088 Reliqua
767 2053 804 2076 ut
827 2044 862 2076 in
886 2055 1004 2079 nostro
1030 2056 1131 2082 textu.

113 2097 151 2141 ⁹)
174 2099 274 2131 Rom.
299 2099 390 2140 VIII,
411 2102 466 2134 20.
563 2099 621 2144 ¹⁰)
648 2100 754 2133 Deest
777 2105 895 2140 „eam“
919 2100 954 2134 in
980 2103 1055 2135 cdd.
1082 2104 1131 2137 M.

93 2153 150 2197 ¹¹)
175 2154 268 2187 Editi
293 2155 340 2198 (V.
366 2168 392 2187 c.
407 2156 483 2188 edd.
501 2155 587 2200 M.:)
612 2156 703 2196 „Sed
725 2165 757 2188 et
770 2165 862 2189 tanta
876 2166 908 2189 et
921 2157 1015 2190 talis“
1040 2168 1100 2192 ete.
1115 2160 1156 2194 R.

94 2209 150 2251 ¹²)
175 2210 241 2243 Sic.
267 2209 349 2244 Msc.
374 2224 461 2243 unus
474 2211 556 2252 Reg.
578 2225 670 2244 num.
689 2212 796 2252 1639„
821 2222 851 2245 et
869 2213 1038 2247 Rabanus.
1063 2215 1155 2250 Editi

0 2255 2 2286 k
23 2266 102 2329 :sero
127 2254 226 2332 (ii-1}-
252 2255 328 2288 cdd.
353 2255 433 2300 M),
456 2266 488 2289 et
512 2255 592 2290 Mss.
617 2256 787 2301 plerique:
819 2258 1066 2300 „digestionum
1091 2273 1153 2304 pu-

2 2321 3 2329 1
39 2311 141 2331 orem.
223 2326 229 2331 .

822 2364 840 2376 ,-

827 2375 838 2396 J
859 2371 871 2387 Ψ
