1320 2444
295 64 649 97 COMMENTARIORUM
673 62 746 95 Lm.
771 61 830 95 IX.
1065 63 1135 97 359

4 172 53 192 sas
77 153 237 189 varietatis
261 151 361 197 hujus
385 165 454 185 esse
478 151 717 196 requirendas,
747 151 874 195 poterit
897 152 1043 185 fortassis
1067 154 1135 185 tale

3 217 128 264 aliquid
153 215 277 249 dicere:
307 213 473 254 „Christi“
498 213 714 252 vocabulum,
738 222 902 257 quantum
918 215 959 246 ad
975 213 1133 257 proprie-

3 290 102 315 tatem
127 276 365 322 appellationis
396 275 500 320 ipsius
529 274 691 319 pertinet,
720 274 813 307 verbi
844 274 879 307 in
904 288 1007 307 carne
1031 276 1133 319 positi

1 351 33 374 et
54 340 221 373 mundum
245 338 323 372 Deo
347 335 596 371 reconciliantis
619 335 783 369 indicium
810 345 868 375 est,
890 336 975 369 sicut
997 346 1027 369 ct
1041 338 1131 369 idem

0 403 124 435 Paulus
141 400 232 440 dicit,
248 399 326 444 quia
345 399 461 440 „Deus
475 397 509 442 ¹)
530 407 600 430 crat
615 397 649 430 in
668 397 803 431 Christo
821 399 990 430 mundum
1009 412 1131 431 recon-

0 463 114 497 cilians
136 462 200 496 sibi
211 466 241 494 :“
263 462 323 494 sed
347 458 634 493 reconciliationis
664 457 763 504 hujus
797 460 903 504 spatia
937 461 1131 493 conversio—

0 525 50 558 nis
71 532 207 557 nostrae
240 522 358 556 dilatio
391 531 422 554 et
453 520 696 554 emendationis
734 521 933 562 negligentia
964 521 1134 560 distendit,

1 595 31 620 et
53 585 210 627 longiora
235 583 422 624 constituit3
457 593 488 615 ct
519 584 630 616 donec
655 582 838 625 evacuct2)
863 597 981 616 omnes
1005 583 1132 627 princi—

0 657 95 693 patus
119 656 151 680 et
174 655 366 692 potestates,
390 655 422 678 et
444 654 552 689 ponat
579 643 745 688 omnes³)
767 643 925 676 inimicos
945 645 1007 677 sub
1032 645 1130 689 pedi—

0 711 61 742 bus
82 708 166 748 suis,
196 721 235 741 ac
267 707 487 741 novissimum
520 706 697 738 inimicum
732 707 879 738 destruat
902 715 1061 745 mortem,
1085 705 1130 738 ita

0 784 76 804 eum
100 783 241 810 regnare
272 777 425 814 oportet,
449 769 531 811 ut4)
556 767 750 813 mysterium
773 777 947 811 susceptae
970 767 1005 800 in
1030 781 1132 801 carne

0 831 257 877 dispensationis
281 840 450 869 exerceat,
481 839 513 862 et
536 831 649 862 bonos
674 828 813 873 quidem
836 829 1035 867 manifestet,
1061 830 1132 861 cul-

0 895 125 939 pabiles
156 902 267 926 autem
297 892 509 936 recipiant-¹⁹)
545 891 777 935 unusquisque
805 891 994 924 secundum
1027 904 1132 934 opera

0 970 73 990 sua:
95 955 155 989 ubi
178 969 258 988 vero
283 952 506 996 tradideritss)
542 965 681 993 regnum
719 952 796 985 Deo
823 962 854 985 et
876 952 987 991 Patri,
1015 952 1049 985 id
1075 962 1132 990 est,

0 1017 230 1060 conversos⁷)
255 1025 286 1048 et
311 1016 509 1048 emendatos
530 1027 647 1047 omnes
666 1014 828 1046 obtulerit
844 1014 933 1054 Deo,
958 1023 989 1046 et
1013 1015 1054 1046 ad
1080 1014 1131 1046 iu·

0 1089 128 1120 tegrum
147 1077 340 1124 mysterium
358 1076 479 1109 mundi
495 1075 780 1109 reconciliationis
801 1075 989 1119 expleverit,
1003 1084 1084 1107 tunc
1096 1075 1133 1118 ⁸)

1 1141 47 1174 ait
77 1150 154 1173 ante
178 1139 325 1172 tribunal
357 1137 423 1170 Dei
448 1139 576 1171 adstare
609 1150 743 1176 omnes,
774 1146 811 1170 ut
842 1135 1026 1180 impleatur
1056 1137 1132 1176 hoc,

1 1203 96 1246 quod
118 1200 284 1245 sequitur:
308 1199 403 1239 „vivo
418 1198 455 1241 ⁹)
481 1212 553 1240 ego,
578 1200 660 1232 dicit
676 1199 858 1236 Dominus,
884 1198 963 1242 quia
975 1198 1058 1230 mihi
1073 1199 1131 1230 fle-

3 1272 111 1296 ctetur
145 1275 249 1295 omne
277 1274 382 1303 genu,
421 1270 453 1294 et
488 1261 705 1294 confitebitur
736 1260 845 1292 omnis
879 1259 992 1301 lingua
1024 1260 1133 1292 Dco.“

1 1325 132 1357 Flet-tet
153 1333 267 1357 autem
291 1336 377 1365 genu
399 1323 510 1356 omnis
532 1331 685 1356 creatura
708 1322 787 1354 Deo
818 1321 854 1354 in
877 1321 1021 1355 nominc
1043 1322 1136 1359 Jesu‚

97 1452 132 1496 ι)
156 1453 185 1484 11
213 1451 292 1484 cor.
309 1452 352 1492 v,
375 1451 427 1484 19.

94 1509 131 1553 ²)
156 1508 218 1541 Ed.
245 1508 294 1539 Μ.
317 1507 340 1538 Ι.
365 1507 471 1539 male:
497 1515 614 1538 vacuet
638 1506 749 1538 omnis
774 1505 983 1550 principatus
1007 1516 1068 1539 etc.
1094 1527 1133 1531 ——-

4 1555 74 1587 Cfr.
99 1555 112 1585 I
138 1552 219 1586 Cor.
244 1553 320 1592 XV,
342 1554 398 1586 24.
419 1551 473 1585 25.
496 1552 550 1585 26.

92 1609 131 1654 ³)
160 1609 266 1641 Deest
290 1612 450 1648 ,.omnes“
472 1608 508 1640 in
532 1608 609 1640 edd.
634 1607 681 1639 M.

95 1665 133 1708 4)
156 1663 247 1698 Editi
272 1665 320 1709 (v.
344 1678 371 1697 c,
386 1665 461 1697 edd.
474 1663 555 1707 M),
579 1672 610 1695 et
624 1662 801 1695 Rabanus:
825 1672 883 1701 „ut
893 1661 1138 1694 ministeriun·“

5 1723 65 1746 etc.
91 1711 219 1744 Omnes
244 1723 324 1742 vero
347 1709 429 1743 Mss.
453 1709 574 1741 nostri:
598 1717 656 1746 „ut
679 1707 895 1753 mysterium“
921 1715 982 1739 etc.
1005 1707 1046 1739 R.

97 1767 134 1812 ⁵)
157 1765 250 1799 Editi
284 1765 333 1811 (v.
364 1779 391 1798 c.
426 1765 504 1797 edd.
536 1764 623 1808 M.):
662 1763 853 1808 „accipiant
882 1782 925 1789 -—
954 1776 1022 1796 sua.
1067 1763 1139 1796 Ubi

6 1816 106 1854 ergo“
130 1822 189 1845 etc.
215 1811 255 1844 R.

98 1868 136 1911 ε)
161 1866 232 1900 cfr.
255 1867 271 1898 1
298 1865 379 1899 cor.
402 1866 478 1907 xv,
500 1865 555 1900 24.

101 1923 137 1968 ⁷)
160 1923 250 1956 Edd.
273 1921 428 1956 Merlini:
450 1934 629 1956 conversos
655 1933 773 1955 omnes
798 1929 831 1954 et
853 1921 1050 1954 emendatos
1076 1921 1139 1953 ob-

8 1968 122 2003 tulerit
145 1977 205 2001 etc.

101 2024 138 2068 ⁸)
162 2023 246 2057 Msc.
273 2023 355 2064 Reg.
390 2036 484 2056 num.
520 2022 617 2057 1639.
650 2031 752 2062 „tunc
780 2020 849 2067 jam
881 2030 958 2055 ante
989 2019 1139 2053 tribunal

10 2070 77 2102 Dei
101 2071 230 2102 adstare
253 2069 438 2102 dicantur.“
476 2069 653 2101 Rabanus:
678 2077 790 2107 ,‚tunc‚
812 2067 867 2106 ait,
891 2076 968 2099 ante
991 2065 1140 2098 tribunal

12 2115 77 2148 Dei
101 2116 231 2147 adstare
255 2113 406 2147 dicitur.“
452 2113 521 2146 Sed
546 2113 645 2146 ceteri
669 2112 748 2145 Mss.
776 2121 808 2145 et
832 2111 911 2146 editi
937 2111 985 2154 (v.
1011 2125 1037 2143 c.
1063 2111 1139 2143 edd.

11 2159 169 2198 Mertini,
199 2158 260 2192 nisi
291 2158 385 2202 quod
418 2162 543 2197 „stare“
575 2158 754 2191 exhibeant
775 2171 858 2203 pro:
890 2156 1062 2201 adstare)
1086 2168 1140 2188 re-

14 2205 95 2238 ctius
119 2213 155 2236 ut
178 2204 212 2237 in
234 2212 352 2236 nostro
376 2211 477 2235 textu.
502 2203 542 2236 R.

103 2259 141 2304 9)
165 2259 264 2293 Rom.
288 2259 381 2300 XIV,
404 2260 456 2296 11.
482 2259 560 2292 coll,
582 2259 681 2292 Jesai.
704 2259 810 2299 XLV,
830 2259 882 2293 23⁶
