1377 2454
165 60 209 95 1ss
435 57 612 93 Ome-ms
638 69 674 92 m
698 59 759 93 En.
784 68 832 94 An
858 59 1038 96 RomAuos

165 162 237 191 ego,
262 147 382 193 inquit,
407 149 554 181 humane
585 158 617 181 et
642 150 869 183 communiter
894 163 973 193 ago:
1012 152 1130 184 eadem
1155 152 1305 196 postulo,

162 210 282 243 similia
307 209 457 254 requiro.
503 210 648 243 Dudum
673 212 855 245 currebant
889 213 993 257 pedes
1028 213 1128 246 vestri
1152 215 1195 247 ad
1222 215 1302 247 dae-

162 285 306 305 monum
333 272 468 316 templa,
492 272 631 318 nunc¹)
664 283 801 306 currant
824 275 867 307 ad
892 274 1066 308 ecclesiam
1093 275 1169 309 Dei.
1215 275 1303 309 Cur-

164 335 284 367 rebant
307 332 400 378 prius
425 333 468 366 ad
493 335 753 375 effundendum,
778 349 870 368 nunc
889 345 1004 369 autem
1028 337 1072 370 ad
1087 336 1305 371 liberandum

163 396 359 438 sanguinem
385 405 532 429 currant.
587 396 889 430 protendebantur
919 396 1063 442 prius2)
1096 411 1235 438 manus,
1268 408 1305 430 ut

165 457 273 491 aliena
299 457 494 501 diriperent,
519 470 611 490 nunc
636 460 903 503 protendantur,
936 468 974 491 ut
997 459 1137 504 propria
1161 459 1304 503 largian-

163 530 227 554 tur.
275 518 602 563 Circumspiciebant
626 519 719 564 prius
746 520 836 554 oculi
861 520 1050 560 mulierem,
1075 530 1133 554 aut
1157 521 1305 554 alienum

163 581 293 627 aliquid
317 581 361 613 ad
386 581 716 625 concupiscendum,
753 595 845 615 nunc
871 582 1143 627 circumspiciant
1175 596 1305 627 paupe-

163 658 225 684 res,
253 643 391 683 debiles,
417 653 539 685 egenos
564 644 606 676 ad
630 643 874 676 miserandum.
912 645 1019 677 Aures
1045 645 1303 677 delectabantur

163 705 282 738 auditu
313 718 400 737 vano
434 705 486 737 vel
518 706 693 738 bonorum
719 705 1015 747 derogationibus,
1046 720 1138 739 nunc
1163 719 1305 739 conver-

162 777 278 802 tantur
302 767 345 799 ad
371 766 579 799 audiendum
604 768 746 799 verbum
770 767 859 807 Dei,
893 768 938 800 ad
962 767 1234 812 explanationem
1257 767 1306 800 le-

163 831 228 873 gis,
260 839 292 862 et
326 830 369 861 ad
395 828 593 873 capiendam
626 828 859 873 sapientiae3)
896 829 1119 874 disciplinam.
1167 829 1308 871 Lingua,

164 906 251 937 quae
277 890 447 930 convitiis,
487 890 691 931 maledictis,
726 900 758 924 et
782 890 999 936 turpiloquiis
1035 900 1165 924 assueta
1178 890 1215 935 4)
1248 900 1309 931 est,

163 953 305 997 nunc5)
330 961 546 985 convertatur
570 953 613 984 ad
638 953 914 986 benedicendum
935 952 1127 986 Dominum
1152 952 1186 985 in
1213 952 1308 985 omni

164 1026 339 1060 tempore:
366 1027 560 1047 sermonem
585 1027 707 1047 sanum
732 1015 885 1059 proferat
909 1024 942 1048 et
966 1015 1164 1054 honestum,
1189 1023 1227 1046 ut
1251 1014 1308 1046 det

163 1078 303 1121 gratiam
329 1075 559 1115 audientibus,
596 1085 629 1108 et
660 1076 833 1113 veisstatem
867 1076 1079 1121 loquatur6)
1113 1089 1191 1108 cum
1224 1089 1307 1120 pro-

163 1141 253 1174 ximo
279 1152 351 1172 suo.
398 1137 468 1171 Sed
493 1137 575 1181 quid
602 1151 687 1182 opus
713 1147 761 1170 est
780 1138 862 1170 haec
879 1137 1010 1180 singula
1033 1136 1203 1182 persequi,
1228 1150 1306 1169 cum

163 1211 277 1247 patent
301 1200 400 1233 etiam
421 1198 491 1238 tibi,
517 1198 783 1244 uniuscujusque
803 1199 949 1232 membri
962 1198 1198 1238 ministerium,
1213 1200 1309 1243 quod

165 1262 315 1297 exhibuit
339 1261 433 1300 vitiis,
459 1270 573 1304 aptare
598 1260 795 1300 virtutibus,
821 1271 853 1294 et
877 1271 1001 1300 actum,
1028 1274 1130 1305 quem
1156 1259 1308 1292 exhibuit

163 1323 409 1370 immunditiae,
435 1322 477 1354 ad
503 1321 687 1354 castitatem
711 1336 802 1356 nunc
827 1322 1199 1366 sanctificationemque
1223 1334 1306 1354 con-

165 1384 319 1419 vertere?
346 1384 492 1416 Videtur
516 1397 595 1416 sane
610 1383 663 1415 hic
681 1381 840 1428 justitiam
857 1397 920 1428 pro
940 1383 1098 1416 omnibus
1116 1383 1217 1416 simul
1240 1382 1306 1415 vir-

164 1448 292 1482 tutibus
316 1446 519 1484 nominasse,
544 1444 630 1477 sicut
649 1458 665 1477 e
681 1446 853 1479 contrario
870 1445 1083 1490 iniquitatem
1103 1459 1168 1490 pro
1196 1443 1306 1477 omni-

164 1511 228 1543 bus
259 1508 358 1542 simul
390 1506 474 1539 vitiis
508 1506 671 1550 posuisse.
730 1507 922 1551 Addidiff)
961 1520 1057 1540 sane:
1091 1505 1308 1553 „justitiae⁸)

262 1604 293 1647 ¹)
320 1602 411 1635 Alias
450 1602 497 1647 (v.
530 1616 556 1634 c.
588 1602 624 1634 in
659 1603 735 1635 edd.
762 1602 848 1647 M.>;
886 1615 998 1643 „nunc
1024 1611 1138 1634 autem
1163 1613 1307 1633 concur-

166 1653 262 1683 rant“
288 1658 348 1681 etc.
374 1648 414 1681 R.

258 1705 295 1749 2>
320 1705 409 1737 Edd.
436 1703 594 1737 Merlini:
620 1717 740 1736 manus
764 1702 868 1748 prius.

257 1759 412 1838 ³)PEditi
452 1760 499 1805 (v.
533 1774 559 1793 c.
593 1761 669 1794 edd.
705 1759 790 1804 M.):
828 1758 1049 1804 „sapientiam
1087 1767 1119 1791 et
1159 1755 1307 1801 discipli-

166 1812 279 1840 nam.“
320 1822 342 1840 ι.

259 1862 295 1908 4)
323 1862 566 1894 Genebrardus
602 1861 736 1905 (itemq.
763 1861 813 1893 cd.
839 1860 887 1892 M.
919 1859 1000 1903 II.):
1032 1867 1125 1898 „erat
1148 1861 1309 1891 assueta.“

164 1910 207 1942 R.
232 1929 274 1934 —
299 1909 363 1940 Ed.
386 1907 437 1939 M.
462 1907 485 1939 l.
511 1911 683 1945 ‚,assueta“
708 1905 832 1938 omisso
859 1909 961 1945 „est.“

262 1964 296 2009 ⁵)
321 1964 384 1996 Ed.
436 1963 476 1995 R.
517 1963 606 1995 sola:
653 1971 868 1994 convertatur
920 1973 1012 1992 nunc
1054 1969 1115 1993 etc.
1156 1978 1196 1983 —
1239 1957 1308 1991 Cfr.

165 2011 290 2044 Psalm.
315 2008 479 2056 XXXIV,
504 2009 534 2041 1.
560 2009 590 2040 2.
618 2007 820 2051 (XXXIII.)

262 2066 298 2110 ⁶)
325 2065 395 2098 Csr.
420 2063 544 2107 Ephes.
571 2064 627 2102 lV,
654 2064 708 2097 25.

261 2121 297 2167 ⁷)
322 2119 432 2154 Editi:
457 2119 587 2158 „Addit
601 2124 771 2163 quoque.“
791 2119 875 2152 Msc.
900 2131 1004 2152 unus:
1029 2116 1196 2160 „Addidit
1220 2129 1306 2161 quo-

169 2173 265 2214 que.“
291 2169 332 2201 R.
357 2189 401 2195 —
425 2166 514 2198 Edd.
539 2164 697 2197 Merlini:
723 2164 853 2204 „Addit
878 2167 990 2198 sane.“

260 2223 297 2268 Β)
321 2224 422 2255 Rom.
446 2222 504 2261 VI,
530 2222 582 2256 19.
609 2241 648 2246 —
675 2221 762 2254 Edd.
787 2219 942 2254 Merlini:
971 2219 1076 2254 Addit
1109 2231 1187 2253 sane
1211 2216 1306 2264 justi-

170 2269 233 2304 tiae
258 2266 569 2303 sanctificationem.
