<?xml version="1.0" encoding="UTF-8"?>
<!DOCTYPE html PUBLIC "-//W3C//DTD XHTML 1.0 Transitional//EN"
    "http://www.w3.org/TR/xhtml1/DTD/xhtml1-transitional.dtd">
<html xmlns="http://www.w3.org/1999/xhtml" xml:lang="en" lang="en">
 <head>
  <title>
</title>
<meta http-equiv="Content-Type" content="text/html;charset=utf-8" />
  <meta name='ocr-system' content='tesseract 3.04.00' />
  <meta name='ocr-capabilities' content='ocr_page ocr_carea ocr_par ocr_line ocrx_word'/>
</head>
<body>
  <div class='ocr_page' id='page_1' title='image "./operaomniaquaegr07orig/operaomniaquaegr07orig_0422.png"; bbox 0 0 1320 2444; ppageno 0'>
   <div class='ocr_carea' id='block_1_1' title="bbox 184 88 1058 125">
    <p class='ocr_par' dir='ltr' id='par_1_1' title="bbox 184 88 1058 125">
     <span class='ocr_line' id='line_1_1' title="bbox 184 88 1058 125; baseline 0 0"><span class='ocrx_word' id='word_1_1' title='bbox 184 91 251 125; x_wconf 83' lang='grc'>404</span> <span class='ocrx_word' id='word_1_2' title='bbox 454 88 632 123; x_wconf 77' lang='lat' dir='ltr'>OmGEms</span> <span class='ocrx_word' id='word_1_3' title='bbox 655 99 692 123; x_wconf 77' lang='lat' dir='ltr'>m</span> <span class='ocrx_word' id='word_1_4' title='bbox 717 89 778 123; x_wconf 80' lang='lat' dir='ltr'>Ep,</span> <span class='ocrx_word' id='word_1_5' title='bbox 803 98 851 123; x_wconf 74' lang='lat' dir='ltr'>An</span> <span class='ocrx_word' id='word_1_6' title='bbox 877 90 1058 125; x_wconf 58' lang='lat' dir='ltr'>Romans</span> 
     </span>
    </p>
   </div>
   <div class='ocr_carea' id='block_1_2' title="bbox 178 179 1320 1335">
    <p class='ocr_par' dir='ltr' id='par_1_2' title="bbox 178 179 1320 1335">
     <span class='ocr_line' id='line_1_2' title="bbox 189 179 1320 226; baseline 0.004 -14"><span class='ocrx_word' id='word_1_7' title='bbox 189 180 336 213; x_wconf 80' lang='lat' dir='ltr'>Gentes“</span> <span class='ocrx_word' id='word_1_8' title='bbox 366 180 521 220; x_wconf 82' lang='lat' dir='ltr'>credent,</span> <span class='ocrx_word' id='word_1_9' title='bbox 560 179 733 226; x_wconf 84' lang='lat' dir='ltr'>adjecisset</span> <span class='ocrx_word' id='word_1_10' title='bbox 766 180 838 214; x_wconf 88' lang='lat' dir='ltr'>sine</span> <span class='ocrx_word' id='word_1_11' title='bbox 878 181 1003 215; x_wconf 85' lang='lat' dir='ltr'>dubio:</span> <span class='ocrx_word' id='word_1_12' title='bbox 1043 181 1159 222; x_wconf 85' lang='lat' dir='ltr'>„Deus</span> <span class='ocrx_word' id='word_1_13' title='bbox 1195 188 1320 218; x_wconf 74' lang='lat' dir='ltr'>autem‘*</span> 
     </span>
     <span class='ocr_line' id='line_1_3' title="bbox 187 241 1320 288; baseline 0.003 -12"><span class='ocrx_word' id='word_1_14' title='bbox 187 244 278 283; x_wconf 79' lang='lat' dir='ltr'>fidei,</span> <span class='ocrx_word' id='word_1_15' title='bbox 302 252 339 275; x_wconf 87' lang='lat' dir='ltr'>ut</span> <span class='ocrx_word' id='word_1_16' title='bbox 361 256 455 276; x_wconf 87' lang='lat' dir='ltr'>nunc</span> <span class='ocrx_word' id='word_1_17' title='bbox 480 256 498 276; x_wconf 75' lang='lat' dir='ltr'>a</span> <span class='ocrx_word' id='word_1_18' title='bbox 521 244 692 287; x_wconf 81' lang='lat' dir='ltr'>sperando</span> <span class='ocrx_word' id='word_1_19' title='bbox 731 241 856 277; x_wconf 86' lang='lat' dir='ltr'><strong>Gentes</strong></span> <span class='ocrx_word' id='word_1_20' title='bbox 879 243 995 277; x_wconf 87' lang='lat' dir='ltr'>Deum</span> <span class='ocrx_word' id='word_1_21' title='bbox 1018 244 1089 288; x_wconf 90' lang='lat' dir='ltr'>spei</span> <span class='ocrx_word' id='word_1_22' title='bbox 1113 244 1249 277; x_wconf 82' lang='lat' dir='ltr'>invocat</span> <span class='ocrx_word' id='word_1_23' title='bbox 1271 259 1320 279; x_wconf 89' lang='lat' dir='ltr'>su-</span> 
     </span>
     <span class='ocr_line' id='line_1_4' title="bbox 186 304 1320 350; baseline 0.001 -12"><span class='ocrx_word' id='word_1_24' title='bbox 186 318 249 350; x_wconf 88' lang='lat' dir='ltr'>per</span> <span class='ocrx_word' id='word_1_25' title='bbox 273 318 341 345; x_wconf 85' lang='lat' dir='ltr'>eos,</span> <span class='ocrx_word' id='word_1_26' title='bbox 364 305 423 349; x_wconf 90' lang='lat' dir='ltr'>qui</span> <span class='ocrx_word' id='word_1_27' title='bbox 446 313 584 348; x_wconf 81' lang='lat' dir='ltr'>sperant</span> <span class='ocrx_word' id='word_1_28' title='bbox 606 304 641 336; x_wconf 87' lang='lat' dir='ltr'>in</span> <span class='ocrx_word' id='word_1_29' title='bbox 666 318 755 344; x_wconf 88' lang='lat' dir='ltr'>eum,</span> <span class='ocrx_word' id='word_1_30' title='bbox 780 317 799 337; x_wconf 85' lang='lat' dir='ltr'>a</span> <span class='ocrx_word' id='word_1_31' title='bbox 823 318 893 349; x_wconf 93' lang='lat' dir='ltr'>quo</span> <span class='ocrx_word' id='word_1_32' title='bbox 917 304 957 338; x_wconf 80' lang='lat' dir='ltr'>iis</span> <span class='ocrx_word' id='word_1_33' title='bbox 980 306 1228 339; x_wconf 82' lang='lat' dir='ltr'>benedictionis</span> <span class='ocrx_word' id='word_1_34' title='bbox 1250 320 1320 340; x_wconf 90' lang='lat' dir='ltr'>mu-</span> 
     </span>
     <span class='ocr_line' id='line_1_5' title="bbox 186 365 1320 414; baseline 0.003 -15"><span class='ocrx_word' id='word_1_35' title='bbox 186 381 250 399; x_wconf 86' lang='lat' dir='ltr'>nus</span> <span class='ocrx_word' id='word_1_36' title='bbox 280 376 440 411; x_wconf 80' lang='lat' dir='ltr'>precatur</span> <span class='ocrx_word' id='word_1_37' title='bbox 472 365 596 407; x_wconf 75' lang='lat' dir='ltr'>augeri.</span> <span class='ocrx_word' id='word_1_38' title='bbox 649 366 709 400; x_wconf 85' lang='lat' dir='ltr'>Est</span> <span class='ocrx_word' id='word_1_39' title='bbox 741 375 853 400; x_wconf 76' lang='lat' dir='ltr'>autem</span> <span class='ocrx_word' id='word_1_40' title='bbox 884 367 1078 400; x_wconf 80' lang='lat' dir='ltr'>benedictio</span> <span class='ocrx_word' id='word_1_41' title='bbox 1110 367 1320 414; x_wconf 85' lang='lat' dir='ltr'>hujusmodi:</span> 
     </span>
     <span class='ocr_line' id='line_1_6' title="bbox 186 427 1320 473; baseline 0 -11"><span class='ocrx_word' id='word_1_42' title='bbox 186 428 274 473; x_wconf 69' lang='grc' dir='ltr'>ιη’)</span> <span class='ocrx_word' id='word_1_43' title='bbox 299 430 497 473; x_wconf 76' lang='lat' dir='ltr'>repleantur</span> <span class='ocrx_word' id='word_1_44' title='bbox 529 427 622 460; x_wconf 86' lang='lat' dir='ltr'>omni</span> <span class='ocrx_word' id='word_1_45' title='bbox 647 429 788 469; x_wconf 75' lang='lat' dir='ltr'>gaudio,</span> <span class='ocrx_word' id='word_1_46' title='bbox 826 438 856 461; x_wconf 87' lang='lat' dir='ltr'>et</span> <span class='ocrx_word' id='word_1_47' title='bbox 891 428 986 461; x_wconf 81' lang='lat' dir='ltr'>omni</span> <span class='ocrx_word' id='word_1_48' title='bbox 1016 442 1111 473; x_wconf 83' lang='lat' dir='ltr'>pace.</span> <span class='ocrx_word' id='word_1_49' title='bbox 1166 429 1320 463; x_wconf 79' lang='lat' dir='ltr'>Similiter</span> 
     </span>
     <span class='ocr_line' id='line_1_7' title="bbox 187 488 1320 535; baseline 0.001 -12"><span class='ocrx_word' id='word_1_50' title='bbox 187 500 299 523; x_wconf 77' lang='lat' dir='ltr'>autem</span> <span class='ocrx_word' id='word_1_51' title='bbox 334 500 364 523; x_wconf 92' lang='lat' dir='ltr'>et</span> <span class='ocrx_word' id='word_1_52' title='bbox 395 490 565 535; x_wconf 80' lang='lat' dir='ltr'>propheta</span> <span class='ocrx_word' id='word_1_53' title='bbox 596 488 631 521; x_wconf 86' lang='lat' dir='ltr'>in</span> <span class='ocrx_word' id='word_1_54' title='bbox 645 489 682 533; x_wconf 83' lang='lat'>²)</span> <span class='ocrx_word' id='word_1_55' title='bbox 714 490 864 533; x_wconf 77' lang='lat' dir='ltr'>quodam</span> <span class='ocrx_word' id='word_1_56' title='bbox 900 491 981 523; x_wconf 89' lang='lat' dir='ltr'>loco</span> <span class='ocrx_word' id='word_1_57' title='bbox 1013 491 1110 523; x_wconf 86' lang='lat' dir='ltr'>dicit:</span> <span class='ocrx_word' id='word_1_58' title='bbox 1143 490 1241 535; x_wconf 80' lang='lat' dir='ltr'>„et3)</span> <span class='ocrx_word' id='word_1_59' title='bbox 1266 491 1320 524; x_wconf 86' lang='lat' dir='ltr'>erit</span> 
     </span>
     <span class='ocr_line' id='line_1_8' title="bbox 185 550 1320 597; baseline 0.001 -13"><span class='ocrx_word' id='word_1_60' title='bbox 185 552 220 584; x_wconf 80' lang='lat' dir='ltr'>in</span> <span class='ocrx_word' id='word_1_61' title='bbox 246 552 365 584; x_wconf 86' lang='lat' dir='ltr'>diebus</span> <span class='ocrx_word' id='word_1_62' title='bbox 391 550 460 596; x_wconf 79' lang='lat' dir='ltr'>ejus</span> <span class='ocrx_word' id='word_1_63' title='bbox 484 550 606 596; x_wconf 80' lang='lat' dir='ltr'>justitia</span> <span class='ocrx_word' id='word_1_64' title='bbox 631 560 662 582; x_wconf 82' lang='lat' dir='ltr'>et</span> <span class='ocrx_word' id='word_1_65' title='bbox 686 550 869 584; x_wconf 79' lang='lat' dir='ltr'>multitudo</span> <span class='ocrx_word' id='word_1_66' title='bbox 895 551 1007 596; x_wconf 79' lang='lat' dir='ltr'>pacis,</span> <span class='ocrx_word' id='word_1_67' title='bbox 1043 565 1151 596; x_wconf 82' lang='lat' dir='ltr'>usque</span> <span class='ocrx_word' id='word_1_68' title='bbox 1175 566 1242 597; x_wconf 90' lang='lat' dir='ltr'>quo</span> <span class='ocrx_word' id='word_1_69' title='bbox 1267 567 1320 585; x_wconf 80' lang='lat' dir='ltr'>au—</span> 
     </span>
     <span class='ocr_line' id='line_1_9' title="bbox 186 612 1320 656; baseline 0.001 -10"><span class='ocrx_word' id='word_1_70' title='bbox 186 616 316 647; x_wconf 77' lang='lat' dir='ltr'>feratur</span> <span class='ocrx_word' id='word_1_71' title='bbox 339 615 452 646; x_wconf 79' lang='lat' dir='ltr'>luna.“</span> <span class='ocrx_word' id='word_1_72' title='bbox 518 612 586 645; x_wconf 73' lang='lat' dir='ltr'>Sed</span> <span class='ocrx_word' id='word_1_73' title='bbox 617 612 694 656; x_wconf 76' lang='lat' dir='ltr'>quia</span> <span class='ocrx_word' id='word_1_74' title='bbox 729 613 810 645; x_wconf 73' lang='lat' dir='ltr'>haec</span> <span class='ocrx_word' id='word_1_75' title='bbox 846 614 888 645; x_wconf 87' lang='lat' dir='ltr'>de</span> <span class='ocrx_word' id='word_1_76' title='bbox 921 613 1056 646; x_wconf 84' lang='lat' dir='ltr'>Christo</span> <span class='ocrx_word' id='word_1_77' title='bbox 1089 614 1267 653; x_wconf 82' lang='lat' dir='ltr'>dicuntur,</span> <span class='ocrx_word' id='word_1_78' title='bbox 1290 614 1320 647; x_wconf 88' lang='lat' dir='ltr'>iu</span> 
     </span>
     <span class='ocr_line' id='line_1_10' title="bbox 184 672 1320 720; baseline 0 -12"><span class='ocrx_word' id='word_1_79' title='bbox 184 676 246 708; x_wconf 86' lang='lat' dir='ltr'>illo</span> <span class='ocrx_word' id='word_1_80' title='bbox 272 684 362 708; x_wconf 84' lang='lat' dir='ltr'>recte</span> <span class='ocrx_word' id='word_1_81' title='bbox 384 687 564 718; x_wconf 88' lang='lat' dir='ltr'>possumus</span> <span class='ocrx_word' id='word_1_82' title='bbox 590 672 842 707; x_wconf 75' lang='lat' dir='ltr'>multitudinem</span> <span class='ocrx_word' id='word_1_83' title='bbox 859 675 951 720; x_wconf 79' lang='lat' dir='ltr'>pacis</span> <span class='ocrx_word' id='word_1_84' title='bbox 976 677 1158 715; x_wconf 80' lang='lat' dir='ltr'>advertere,</span> <span class='ocrx_word' id='word_1_85' title='bbox 1181 689 1246 720; x_wconf 86' lang='lat' dir='ltr'>pro</span> <span class='ocrx_word' id='word_1_86' title='bbox 1272 689 1320 715; x_wconf 73' lang='lat' dir='ltr'>eo¹</span> 
     </span>
     <span class='ocr_line' id='line_1_11' title="bbox 184 735 1320 783; baseline 0 -13"><span class='ocrx_word' id='word_1_87' title='bbox 184 738 281 783; x_wconf 86' lang='lat' dir='ltr'>quod</span> <span class='ocrx_word' id='word_1_88' title='bbox 306 735 543 781; x_wconf 46' lang='lat' dir='ltr'>pacificavit&amp;</span> <span class='ocrx_word' id='word_1_89' title='bbox 567 748 629 779; x_wconf 89' lang='lat' dir='ltr'>per</span> <span class='ocrx_word' id='word_1_90' title='bbox 652 736 851 776; x_wconf 76' lang='lat' dir='ltr'>sanguinem</span> <span class='ocrx_word' id='word_1_91' title='bbox 877 737 984 770; x_wconf 87' lang='lat' dir='ltr'>crucis</span> <span class='ocrx_word' id='word_1_92' title='bbox 1012 750 1094 770; x_wconf 77' lang='lat' dir='ltr'>suae</span> <span class='ocrx_word' id='word_1_93' title='bbox 1116 751 1187 770; x_wconf 86' lang='lat' dir='ltr'>non</span> <span class='ocrx_word' id='word_1_94' title='bbox 1213 738 1320 770; x_wconf 87' lang='lat' dir='ltr'>solum</span> 
     </span>
     <span class='ocr_line' id='line_1_12' title="bbox 184 796 1320 843; baseline 0 -12"><span class='ocrx_word' id='word_1_95' title='bbox 184 812 271 843; x_wconf 82' lang='lat' dir='ltr'>quae</span> <span class='ocrx_word' id='word_1_96' title='bbox 299 799 335 831; x_wconf 81' lang='lat' dir='ltr'>in</span> <span class='ocrx_word' id='word_1_97' title='bbox 358 808 445 831; x_wconf 79' lang='lat' dir='ltr'>terra</span> <span class='ocrx_word' id='word_1_98' title='bbox 470 806 566 836; x_wconf 87' lang='lat' dir='ltr'>sunt,</span> <span class='ocrx_word' id='word_1_99' title='bbox 598 796 704 840; x_wconf 85' lang='lat' dir='ltr'>sed⁵)</span> <span class='ocrx_word' id='word_1_100' title='bbox 729 797 828 830; x_wconf 80' lang='lat' dir='ltr'>ctiam</span> <span class='ocrx_word' id='word_1_101' title='bbox 854 811 940 842; x_wconf 78' lang='lat' dir='ltr'>quae</span> <span class='ocrx_word' id='word_1_102' title='bbox 963 799 999 831; x_wconf 89' lang='lat' dir='ltr'>in</span> <span class='ocrx_word' id='word_1_103' title='bbox 1025 799 1128 832; x_wconf 81' lang='lat' dir='ltr'>coelis</span> <span class='ocrx_word' id='word_1_104' title='bbox 1150 808 1237 832; x_wconf 79' lang='lat' dir='ltr'>sunt.</span> <span class='ocrx_word' id='word_1_105' title='bbox 1285 799 1320 832; x_wconf 86' lang='lat' dir='ltr'>In</span> 
     </span>
     <span class='ocr_line' id='line_1_13' title="bbox 185 859 1320 905; baseline -0.001 -11"><span class='ocrx_word' id='word_1_106' title='bbox 185 861 345 894; x_wconf 86' lang='lat' dir='ltr'>omnibus</span> <span class='ocrx_word' id='word_1_107' title='bbox 370 868 482 892; x_wconf 83' lang='lat' dir='ltr'>autem</span> <span class='ocrx_word' id='word_1_108' title='bbox 514 859 695 903; x_wconf 89' lang='lat' dir='ltr'>quomodo</span> <span class='ocrx_word' id='word_1_109' title='bbox 727 859 833 903; x_wconf 85' lang='lat' dir='ltr'>possit</span> <span class='ocrx_word' id='word_1_110' title='bbox 858 859 992 905; x_wconf 85' lang='lat' dir='ltr'>impleri</span> <span class='ocrx_word' id='word_1_111' title='bbox 1016 862 1102 900; x_wconf 85' lang='lat' dir='ltr'>hoc,</span> <span class='ocrx_word' id='word_1_112' title='bbox 1127 862 1221 905; x_wconf 88' lang='lat' dir='ltr'>quod</span> <span class='ocrx_word' id='word_1_113' title='bbox 1246 873 1320 905; x_wconf 87' lang='lat' dir='ltr'>pre-</span> 
     </span>
     <span class='ocr_line' id='line_1_14' title="bbox 184 919 1320 965; baseline -0.001 -9"><span class='ocrx_word' id='word_1_114' title='bbox 184 933 279 956; x_wconf 78' lang='lat' dir='ltr'>catur</span> <span class='ocrx_word' id='word_1_115' title='bbox 304 921 506 965; x_wconf 73' lang='lat' dir='ltr'>Apostolus,</span> <span class='ocrx_word' id='word_1_116' title='bbox 531 929 568 952; x_wconf 89' lang='lat' dir='ltr'>ut</span> <span class='ocrx_word' id='word_1_117' title='bbox 598 919 844 963; x_wconf 72' lang='lat' dir='ltr'>repleanturs’)</span> <span class='ocrx_word' id='word_1_118' title='bbox 876 923 971 954; x_wconf 92' lang='lat' dir='ltr'>omni</span> <span class='ocrx_word' id='word_1_119' title='bbox 1001 922 1123 963; x_wconf 86' lang='lat' dir='ltr'>gaudio</span> <span class='ocrx_word' id='word_1_120' title='bbox 1159 931 1190 954; x_wconf 90' lang='lat' dir='ltr'>et</span> <span class='ocrx_word' id='word_1_121' title='bbox 1228 923 1320 956; x_wconf 85' lang='lat' dir='ltr'>omni</span> 
     </span>
     <span class='ocr_line' id='line_1_15' title="bbox 181 980 1320 1029; baseline 0.001 -13"><span class='ocrx_word' id='word_1_122' title='bbox 181 996 278 1029; x_wconf 78' lang='lat' dir='ltr'>pace,</span> <span class='ocrx_word' id='word_1_123' title='bbox 303 981 442 1015; x_wconf 78' lang='lat' dir='ltr'>difficile</span> <span class='ocrx_word' id='word_1_124' title='bbox 474 980 557 1014; x_wconf 87' lang='lat' dir='ltr'>mihi</span> <span class='ocrx_word' id='word_1_125' title='bbox 589 981 721 1014; x_wconf 79' lang='lat' dir='ltr'>videtur</span> <span class='ocrx_word' id='word_1_126' title='bbox 754 981 895 1025; x_wconf 87' lang='lat' dir='ltr'>exponi:</span> <span class='ocrx_word' id='word_1_127' title='bbox 930 983 1075 1015; x_wconf 82' lang='lat' dir='ltr'>maxime</span> <span class='ocrx_word' id='word_1_128' title='bbox 1113 997 1189 1016; x_wconf 90' lang='lat' dir='ltr'>cum</span> <span class='ocrx_word' id='word_1_129' title='bbox 1223 985 1320 1017; x_wconf 77' lang='lat' dir='ltr'>etiam</span> 
     </span>
     <span class='ocr_line' id='line_1_16' title="bbox 181 1042 1320 1091; baseline 0.001 -14"><span class='ocrx_word' id='word_1_130' title='bbox 181 1047 255 1091; x_wconf 78' lang='lat' dir='ltr'>ipse</span> <span class='ocrx_word' id='word_1_131' title='bbox 279 1043 465 1089; x_wconf 79' lang='lat' dir='ltr'>Apostolus</span> <span class='ocrx_word' id='word_1_132' title='bbox 489 1042 524 1075; x_wconf 90' lang='lat' dir='ltr'>in</span> <span class='ocrx_word' id='word_1_133' title='bbox 551 1042 611 1082; x_wconf 79' lang='lat' dir='ltr'>his,</span> <span class='ocrx_word' id='word_1_134' title='bbox 639 1056 726 1087; x_wconf 85' lang='lat' dir='ltr'>quae</span> <span class='ocrx_word' id='word_1_135' title='bbox 748 1056 812 1087; x_wconf 87' lang='lat' dir='ltr'>per</span> <span class='ocrx_word' id='word_1_136' title='bbox 836 1043 974 1084; x_wconf 79' lang='lat' dir='ltr'>gratiam</span> <span class='ocrx_word' id='word_1_137' title='bbox 1000 1044 1145 1088; x_wconf 80' lang='lat' dir='ltr'>Spiritus</span> <span class='ocrx_word' id='word_1_138' title='bbox 1167 1046 1320 1090; x_wconf 83' lang='lat' dir='ltr'>sancti7)</span> 
     </span>
     <span class='ocr_line' id='line_1_17' title="bbox 181 1104 1319 1152; baseline 0 -12"><span class='ocrx_word' id='word_1_139' title='bbox 181 1115 384 1140; x_wconf 81' lang='lat' dir='ltr'>consecutus</span> <span class='ocrx_word' id='word_1_140' title='bbox 413 1113 469 1144; x_wconf 81' lang='lat' dir='ltr'>est,</span> <span class='ocrx_word' id='word_1_141' title='bbox 495 1118 532 1137; x_wconf 83' lang='lat' dir='ltr'>ex</span> <span class='ocrx_word' id='word_1_142' title='bbox 557 1114 652 1149; x_wconf 85' lang='lat' dir='ltr'>parte</span> <span class='ocrx_word' id='word_1_143' title='bbox 675 1117 709 1137; x_wconf 87' lang='lat' dir='ltr'>se</span> <span class='ocrx_word' id='word_1_144' title='bbox 734 1104 872 1148; x_wconf 67' lang='lat' dir='ltr'>dicatss)</span> <span class='ocrx_word' id='word_1_145' title='bbox 896 1106 992 1146; x_wconf 84' lang='lat' dir='ltr'>scire,</span> <span class='ocrx_word' id='word_1_146' title='bbox 1017 1115 1049 1139; x_wconf 83' lang='lat' dir='ltr'>et</span> <span class='ocrx_word' id='word_1_147' title='bbox 1067 1119 1104 1139; x_wconf 83' lang='lat' dir='ltr'>ex</span> <span class='ocrx_word' id='word_1_148' title='bbox 1119 1116 1215 1151; x_wconf 84' lang='lat' dir='ltr'>parte</span> <span class='ocrx_word' id='word_1_149' title='bbox 1237 1120 1319 1152; x_wconf 90' lang='lat' dir='ltr'>pro-</span> 
     </span>
     <span class='ocr_line' id='line_1_18' title="bbox 179 1166 1320 1214; baseline 0.001 -13"><span class='ocrx_word' id='word_1_150' title='bbox 179 1170 330 1214; x_wconf 81' lang='lat' dir='ltr'>phetare.</span> <span class='ocrx_word' id='word_1_151' title='bbox 383 1167 452 1200; x_wconf 82' lang='lat' dir='ltr'>Sed</span> <span class='ocrx_word' id='word_1_152' title='bbox 485 1178 545 1208; x_wconf 82' lang='lat' dir='ltr'>ego</span> <span class='ocrx_word' id='word_1_153' title='bbox 581 1175 684 1210; x_wconf 81' lang='lat' dir='ltr'>puto,</span> <span class='ocrx_word' id='word_1_154' title='bbox 720 1166 753 1198; x_wconf 84' lang='lat' dir='ltr'>in</span> <span class='ocrx_word' id='word_1_155' title='bbox 787 1179 828 1199; x_wconf 90' lang='lat' dir='ltr'>eo</span> <span class='ocrx_word' id='word_1_156' title='bbox 860 1180 959 1211; x_wconf 87' lang='lat' dir='ltr'>posse</span> <span class='ocrx_word' id='word_1_157' title='bbox 992 1168 1118 1201; x_wconf 78' lang='lat' dir='ltr'>habere</span> <span class='ocrx_word' id='word_1_158' title='bbox 1147 1170 1320 1203; x_wconf 82' lang='lat' dir='ltr'>credentes</span> 
     </span>
     <span class='ocr_line' id='line_1_19' title="bbox 179 1227 1318 1276; baseline -0.001 -12"><span class='ocrx_word' id='word_1_159' title='bbox 179 1229 429 1276; x_wconf 83' lang='lat' dir='ltr'>plenitudinem</span> <span class='ocrx_word' id='word_1_160' title='bbox 444 1227 480 1272; x_wconf 77' lang='lat'>⁹)</span> <span class='ocrx_word' id='word_1_161' title='bbox 504 1228 615 1272; x_wconf 80' lang='lat' dir='ltr'>pacis,</span> <span class='ocrx_word' id='word_1_162' title='bbox 649 1241 725 1260; x_wconf 89' lang='lat' dir='ltr'>cum</span> <span class='ocrx_word' id='word_1_163' title='bbox 750 1229 1015 1262; x_wconf 82' lang='lat' dir='ltr'>reconciliantur</span> <span class='ocrx_word' id='word_1_164' title='bbox 1039 1229 1117 1262; x_wconf 88' lang='lat' dir='ltr'>Deo</span> <span class='ocrx_word' id='word_1_165' title='bbox 1143 1230 1233 1262; x_wconf 77' lang='lat' dir='ltr'>Patri</span> <span class='ocrx_word' id='word_1_166' title='bbox 1257 1243 1318 1274; x_wconf 86' lang='lat' dir='ltr'>per</span> 
     </span>
     <span class='ocr_line' id='line_1_20' title="bbox 178 1289 1314 1335; baseline -0.002 -9"><span class='ocrx_word' id='word_1_167' title='bbox 178 1294 302 1331; x_wconf 82' lang='lat' dir='ltr'>fidem,</span> <span class='ocrx_word' id='word_1_168' title='bbox 332 1291 523 1324; x_wconf 87' lang='lat' dir='ltr'>secundum</span> <span class='ocrx_word' id='word_1_169' title='bbox 561 1290 703 1322; x_wconf 87' lang='lat' dir='ltr'>verbum</span> <span class='ocrx_word' id='word_1_170' title='bbox 736 1289 834 1322; x_wconf 84' lang='lat' dir='ltr'>Pauli</span> <span class='ocrx_word' id='word_1_171' title='bbox 877 1290 1033 1323; x_wconf 84' lang='lat' dir='ltr'>dicentis:</span> <span class='ocrx_word' id='word_1_172' title='bbox 1064 1291 1314 1335; x_wconf 82' lang='lat' dir='ltr'>„rogamus¹⁰)</span> 
     </span>
    </p>
   </div>
   <div class='ocr_carea' id='block_1_3' title="bbox 177 1350 1312 1398">
    <p class='ocr_par' dir='ltr' id='par_1_3' title="bbox 177 1350 1312 1398">
     <span class='ocr_line' id='line_1_21' title="bbox 177 1350 1312 1398; baseline 0 -12"><span class='ocrx_word' id='word_1_173' title='bbox 177 1368 242 1398; x_wconf 87' lang='lat' dir='ltr'>pro</span> <span class='ocrx_word' id='word_1_174' title='bbox 278 1353 431 1391; x_wconf 84' lang='lat' dir='ltr'>Christo,</span> <span class='ocrx_word' id='word_1_175' title='bbox 455 1350 727 1384; x_wconf 82' lang='lat' dir='ltr'>reconciliamini</span> <span class='ocrx_word' id='word_1_176' title='bbox 752 1351 870 1385; x_wconf 92' lang='lat' dir='ltr'>Deo:“</span> <span class='ocrx_word' id='word_1_177' title='bbox 907 1362 938 1384; x_wconf 85' lang='lat' dir='ltr'>et</span> <span class='ocrx_word' id='word_1_178' title='bbox 964 1367 1041 1386; x_wconf 88' lang='lat' dir='ltr'>cum</span> <span class='ocrx_word' id='word_1_179' title='bbox 1065 1353 1100 1386; x_wconf 90' lang='lat' dir='ltr'>iu</span> <span class='ocrx_word' id='word_1_180' title='bbox 1118 1355 1124 1373; x_wconf 93' lang='lat'><strong>¹</strong></span> <span class='ocrx_word' id='word_1_181' title='bbox 1140 1353 1173 1397; x_wconf 85' lang='lat'>¹)</span> <span class='ocrx_word' id='word_1_182' title='bbox 1196 1366 1312 1397; x_wconf 83' lang='lat' dir='ltr'>pacem</span> 
     </span>
    </p>
   </div>
   <div class='ocr_carea' id='block_1_4' title="bbox 266 1502 1057 1715">
    <p class='ocr_par' dir='ltr' id='par_1_4' title="bbox 271 1502 708 1548">
     <span class='ocr_line' id='line_1_22' title="bbox 271 1502 708 1548; baseline -0.007 -12"><span class='ocrx_word' id='word_1_183' title='bbox 271 1503 305 1548; x_wconf 81' lang='lat'>¹)</span> <span class='ocrx_word' id='word_1_184' title='bbox 332 1503 402 1536; x_wconf 83' lang='lat' dir='ltr'>Cfr.</span> <span class='ocrx_word' id='word_1_185' title='bbox 427 1502 530 1536; x_wconf 84' lang='lat' dir='ltr'>Rom.</span> <span class='ocrx_word' id='word_1_186' title='bbox 553 1502 629 1541; x_wconf 85' lang='lat' dir='ltr'>XV,</span> <span class='ocrx_word' id='word_1_187' title='bbox 656 1503 708 1537; x_wconf 88' lang='lat'>13.</span> 
     </span>
    </p>

    <p class='ocr_par' dir='ltr' id='par_1_5' title="bbox 267 1557 1057 1661">
     <span class='ocr_line' id='line_1_23' title="bbox 267 1557 1057 1603; baseline 0.001 -12"><span class='ocrx_word' id='word_1_188' title='bbox 267 1560 304 1603; x_wconf 81' lang='grc'>2)</span> <span class='ocrx_word' id='word_1_189' title='bbox 329 1560 418 1592; x_wconf 88' lang='lat' dir='ltr'>Edd.</span> <span class='ocrx_word' id='word_1_190' title='bbox 445 1558 600 1591; x_wconf 85' lang='lat' dir='ltr'>Merlini:</span> <span class='ocrx_word' id='word_1_191' title='bbox 627 1557 708 1590; x_wconf 82' lang='lat' dir='ltr'>dicit</span> <span class='ocrx_word' id='word_1_192' title='bbox 731 1557 768 1590; x_wconf 85' lang='lat' dir='ltr'>in</span> <span class='ocrx_word' id='word_1_193' title='bbox 793 1559 944 1602; x_wconf 83' lang='lat' dir='ltr'>quodam</span> <span class='ocrx_word' id='word_1_194' title='bbox 969 1559 1057 1592; x_wconf 90' lang='lat' dir='ltr'>loco.</span> 
     </span>
     <span class='ocr_line' id='line_1_24' title="bbox 267 1613 857 1661; baseline 0 -13"><span class='ocrx_word' id='word_1_195' title='bbox 267 1615 304 1661; x_wconf 81' lang='lat'>³)</span> <span class='ocrx_word' id='word_1_196' title='bbox 329 1615 451 1648; x_wconf 84' lang='lat' dir='ltr'>Psalm.</span> <span class='ocrx_word' id='word_1_197' title='bbox 478 1614 618 1653; x_wconf 79' lang='lat' dir='ltr'>LXXH,</span> <span class='ocrx_word' id='word_1_198' title='bbox 642 1614 671 1647; x_wconf 83' lang='grc'>7.</span> <span class='ocrx_word' id='word_1_199' title='bbox 697 1613 857 1659; x_wconf 76' lang='lat' dir='ltr'>(LXXI.)</span> 
     </span>
    </p>

    <p class='ocr_par' dir='ltr' id='par_1_6' title="bbox 266 1669 689 1715">
     <span class='ocr_line' id='line_1_25' title="bbox 266 1669 689 1715; baseline 0.002 -12"><span class='ocrx_word' id='word_1_200' title='bbox 266 1671 303 1715; x_wconf 81' lang='lat'>¹²)</span> <span class='ocrx_word' id='word_1_201' title='bbox 330 1671 398 1703; x_wconf 80' lang='lat' dir='ltr'>Cfr.</span> <span class='ocrx_word' id='word_1_202' title='bbox 427 1669 558 1703; x_wconf 86' lang='lat' dir='ltr'>Coloss.</span> <span class='ocrx_word' id='word_1_203' title='bbox 583 1670 608 1710; x_wconf 87' lang='lat' dir='ltr'>l,</span> <span class='ocrx_word' id='word_1_204' title='bbox 635 1671 689 1704; x_wconf 76' lang='lat'>20.</span> 
     </span>
    </p>
   </div>
   <div class='ocr_carea' id='block_1_5' title="bbox 169 1726 1307 1907">
    <p class='ocr_par' dir='ltr' id='par_1_7' title="bbox 169 1726 1307 1907">
     <span class='ocr_line' id='line_1_26' title="bbox 267 1726 1307 1771; baseline 0.002 -12"><span class='ocrx_word' id='word_1_205' title='bbox 267 1727 303 1771; x_wconf 81' lang='lat'>⁵)</span> <span class='ocrx_word' id='word_1_206' title='bbox 329 1727 377 1760; x_wconf 82' lang='lat' dir='ltr'>Ita</span> <span class='ocrx_word' id='word_1_207' title='bbox 402 1735 492 1759; x_wconf 86' lang='lat' dir='ltr'>recte</span> <span class='ocrx_word' id='word_1_208' title='bbox 517 1726 600 1759; x_wconf 83' lang='lat' dir='ltr'>Msc.</span> <span class='ocrx_word' id='word_1_209' title='bbox 626 1727 706 1767; x_wconf 78' lang='lat' dir='ltr'>Reg.</span> <span class='ocrx_word' id='word_1_210' title='bbox 731 1739 823 1759; x_wconf 88' lang='lat' dir='ltr'>num.</span> <span class='ocrx_word' id='word_1_211' title='bbox 850 1727 945 1762; x_wconf 78' lang='grc'><strong>1639.</strong></span> <span class='ocrx_word' id='word_1_212' title='bbox 972 1737 1002 1760; x_wconf 84' lang='lat' dir='ltr'>et</span> <span class='ocrx_word' id='word_1_213' title='bbox 1026 1728 1197 1764; x_wconf 77' lang='lat' dir='ltr'>Rabanus.</span> <span class='ocrx_word' id='word_1_214' title='bbox 1245 1727 1307 1761; x_wconf 87' lang='lat' dir='ltr'>Ce-</span> 
     </span>
     <span class='ocr_line' id='line_1_27' title="bbox 170 1771 1306 1817; baseline 0 -11"><span class='ocrx_word' id='word_1_215' title='bbox 170 1773 232 1806; x_wconf 85' lang='lat' dir='ltr'>teri</span> <span class='ocrx_word' id='word_1_216' title='bbox 256 1786 336 1804; x_wconf 77' lang='lat' dir='ltr'>vero</span> <span class='ocrx_word' id='word_1_217' title='bbox 363 1772 441 1805; x_wconf 82' lang='lat' dir='ltr'>Mss.</span> <span class='ocrx_word' id='word_1_218' title='bbox 468 1781 499 1804; x_wconf 84' lang='lat' dir='ltr'>et</span> <span class='ocrx_word' id='word_1_219' title='bbox 523 1771 602 1805; x_wconf 87' lang='lat' dir='ltr'>editi</span> <span class='ocrx_word' id='word_1_220' title='bbox 627 1772 674 1815; x_wconf 85' lang='lat' dir='ltr'>(e.</span> <span class='ocrx_word' id='word_1_221' title='bbox 700 1785 727 1804; x_wconf 89' lang='lat' dir='ltr'>c.</span> <span class='ocrx_word' id='word_1_222' title='bbox 753 1772 829 1804; x_wconf 80' lang='lat' dir='ltr'>edd.</span> <span class='ocrx_word' id='word_1_223' title='bbox 855 1772 941 1816; x_wconf 34' lang='lat' dir='ltr'>MA)</span> <span class='ocrx_word' id='word_1_224' title='bbox 979 1775 1058 1813; x_wconf 85' lang='lat' dir='ltr'>„sed</span> <span class='ocrx_word' id='word_1_225' title='bbox 1089 1773 1188 1806; x_wconf 83' lang='lat' dir='ltr'>etiam</span> <span class='ocrx_word' id='word_1_226' title='bbox 1223 1786 1306 1817; x_wconf 80' lang='lat' dir='ltr'>quae</span> 
     </span>
     <span class='ocr_line' id='line_1_28' title="bbox 169 1816 1305 1868; baseline 0.001 -18"><span class='ocrx_word' id='word_1_227' title='bbox 169 1818 205 1850; x_wconf 84' lang='lat' dir='ltr'>in</span> <span class='ocrx_word' id='word_1_228' title='bbox 233 1817 336 1851; x_wconf 89' lang='lat' dir='ltr'>coelis</span> <span class='ocrx_word' id='word_1_229' title='bbox 358 1826 436 1849; x_wconf 82' lang='lat' dir='ltr'>sunt</span> <span class='ocrx_word' id='word_1_230' title='bbox 466 1817 502 1849; x_wconf 88' lang='lat' dir='ltr'>in</span> <span class='ocrx_word' id='word_1_231' title='bbox 528 1817 697 1850; x_wconf 89' lang='lat' dir='ltr'>omuibus.</span> <span class='ocrx_word' id='word_1_232' title='bbox 757 1816 949 1859; x_wconf 85' lang='lat' dir='ltr'>Quomodo</span> <span class='ocrx_word' id='word_1_233' title='bbox 983 1818 1088 1863; x_wconf 87' lang='lat' dir='ltr'>possit</span> <span class='ocrx_word' id='word_1_234' title='bbox 1118 1819 1176 1862; x_wconf 79' lang='lat' dir='ltr'>(al.</span> <span class='ocrx_word' id='word_1_235' title='bbox 1207 1817 1305 1868; x_wconf 68' lang='lat' dir='ltr'>Quo-</span> 
     </span>
     <span class='ocr_line' id='line_1_29' title="bbox 169 1861 886 1907; baseline -0.001 -11"><span class='ocrx_word' id='word_1_236' title='bbox 169 1862 278 1897; x_wconf 81' lang='lat' dir='ltr'>modo</span> <span class='ocrx_word' id='word_1_237' title='bbox 304 1873 389 1894; x_wconf 83' lang='lat' dir='ltr'>vero</span> <span class='ocrx_word' id='word_1_238' title='bbox 414 1862 555 1907; x_wconf 74' lang='lat' dir='ltr'>possit)</span> <span class='ocrx_word' id='word_1_239' title='bbox 579 1861 734 1907; x_wconf 84' lang='lat' dir='ltr'>impleri“</span> <span class='ocrx_word' id='word_1_240' title='bbox 760 1871 820 1894; x_wconf 83' lang='lat' dir='ltr'>etc.</span> <span class='ocrx_word' id='word_1_241' title='bbox 845 1861 886 1895; x_wconf 84' lang='lat' dir='ltr'>R.</span> 
     </span>
    </p>
   </div>
   <div class='ocr_carea' id='block_1_6' title="bbox 259 1917 1301 2075">
    <p class='ocr_par' dir='ltr' id='par_1_8' title="bbox 259 1917 1301 2075">
     <span class='ocr_line' id='line_1_30' title="bbox 260 1917 1301 1962; baseline 0.003 -13"><span class='ocrx_word' id='word_1_242' title='bbox 260 1918 297 1962; x_wconf 80' lang='lat'>⁶)</span> <span class='ocrx_word' id='word_1_243' title='bbox 321 1918 409 1951; x_wconf 85' lang='lat' dir='ltr'>Edd.</span> <span class='ocrx_word' id='word_1_244' title='bbox 434 1917 589 1950; x_wconf 83' lang='lat' dir='ltr'>Merlini:</span> <span class='ocrx_word' id='word_1_245' title='bbox 612 1918 870 1962; x_wconf 82' lang='lat' dir='ltr'>,‚impleantur.“</span> <span class='ocrx_word' id='word_1_246' title='bbox 887 1938 927 1944; x_wconf 92' lang='lat'>—-</span> <span class='ocrx_word' id='word_1_247' title='bbox 945 1917 1014 1952; x_wconf 80' lang='lat' dir='ltr'>Cfr.</span> <span class='ocrx_word' id='word_1_248' title='bbox 1040 1919 1227 1960; x_wconf 85' lang='lat' dir='ltr'>Rom.XV‚</span> <span class='ocrx_word' id='word_1_249' title='bbox 1253 1919 1301 1955; x_wconf 84' lang='grc'>13.</span> 
     </span>
     <span class='ocr_line' id='line_1_31' title="bbox 263 1974 833 2018; baseline -0.002 -12"><span class='ocrx_word' id='word_1_250' title='bbox 263 1975 300 2018; x_wconf 78' lang='grc'>7)</span> <span class='ocrx_word' id='word_1_251' title='bbox 324 1974 428 2007; x_wconf 82' lang='lat' dir='ltr'>Deest</span> <span class='ocrx_word' id='word_1_252' title='bbox 452 1974 600 2013; x_wconf 80' lang='lat' dir='ltr'>,‚sancti“</span> <span class='ocrx_word' id='word_1_253' title='bbox 624 1974 659 2006; x_wconf 88' lang='lat' dir='ltr'>in</span> <span class='ocrx_word' id='word_1_254' title='bbox 684 1975 760 2007; x_wconf 82' lang='lat' dir='ltr'>edd.</span> <span class='ocrx_word' id='word_1_255' title='bbox 784 1974 833 2006; x_wconf 85' lang='lat' dir='ltr'>M.</span> 
     </span>
     <span class='ocr_line' id='line_1_32' title="bbox 259 2028 716 2075; baseline -0.002 -13"><span class='ocrx_word' id='word_1_256' title='bbox 259 2029 298 2075; x_wconf 71' lang='lat'>⁶)</span> <span class='ocrx_word' id='word_1_257' title='bbox 324 2029 394 2062; x_wconf 86' lang='lat' dir='ltr'>Cfr.</span> <span class='ocrx_word' id='word_1_258' title='bbox 420 2029 435 2061; x_wconf 89' lang='lat' dir='ltr'>I</span> <span class='ocrx_word' id='word_1_259' title='bbox 461 2029 542 2062; x_wconf 86' lang='lat' dir='ltr'>Cor.</span> <span class='ocrx_word' id='word_1_260' title='bbox 567 2028 661 2069; x_wconf 81' lang='lat' dir='ltr'><strong>XIII,</strong></span> <span class='ocrx_word' id='word_1_261' title='bbox 686 2030 716 2063; x_wconf 89' lang='grc'>9.</span> 
     </span>
    </p>
   </div>
   <div class='ocr_carea' id='block_1_7' title="bbox 164 2085 1297 2176">
    <p class='ocr_par' dir='ltr' id='par_1_9' title="bbox 164 2085 1297 2176">
     <span class='ocr_line' id='line_1_33' title="bbox 259 2085 1297 2131; baseline -0.001 -13"><span class='ocrx_word' id='word_1_262' title='bbox 259 2085 295 2130; x_wconf 82' lang='lat'>⁹)</span> <span class='ocrx_word' id='word_1_263' title='bbox 319 2086 404 2118; x_wconf 86' lang='lat' dir='ltr'>Msc.</span> <span class='ocrx_word' id='word_1_264' title='bbox 436 2086 516 2125; x_wconf 80' lang='lat' dir='ltr'>Reg.</span> <span class='ocrx_word' id='word_1_265' title='bbox 546 2099 639 2118; x_wconf 87' lang='lat' dir='ltr'>num.</span> <span class='ocrx_word' id='word_1_266' title='bbox 671 2086 786 2125; x_wconf 79' lang='lat'>1639..</span> <span class='ocrx_word' id='word_1_267' title='bbox 823 2086 995 2125; x_wconf 78' lang='lat' dir='ltr'>Rabanus,</span> <span class='ocrx_word' id='word_1_268' title='bbox 1021 2095 1052 2118; x_wconf 82' lang='lat' dir='ltr'>et</span> <span class='ocrx_word' id='word_1_269' title='bbox 1084 2086 1164 2120; x_wconf 83' lang='lat' dir='ltr'>editi</span> <span class='ocrx_word' id='word_1_270' title='bbox 1194 2088 1241 2131; x_wconf 71' lang='lat' dir='ltr'>(x.</span> <span class='ocrx_word' id='word_1_271' title='bbox 1272 2099 1297 2118; x_wconf 86' lang='lat' dir='ltr'>c.</span> 
     </span>
     <span class='ocr_line' id='line_1_34' title="bbox 164 2131 1294 2176; baseline -0.001 -12"><span class='ocrx_word' id='word_1_272' title='bbox 164 2132 241 2165; x_wconf 84' lang='lat' dir='ltr'>edd.</span> <span class='ocrx_word' id='word_1_273' title='bbox 273 2131 359 2174; x_wconf 79' lang='lat' dir='ltr'>M.):</span> <span class='ocrx_word' id='word_1_274' title='bbox 389 2131 656 2175; x_wconf 85' lang='lat' dir='ltr'>„plenitudinem</span> <span class='ocrx_word' id='word_1_275' title='bbox 688 2132 813 2176; x_wconf 78' lang='lat' dir='ltr'>pacis.“</span> <span class='ocrx_word' id='word_1_276' title='bbox 868 2131 947 2165; x_wconf 84' lang='lat' dir='ltr'>Mss.</span> <span class='ocrx_word' id='word_1_277' title='bbox 981 2132 1066 2164; x_wconf 81' lang='lat' dir='ltr'>duo:</span> <span class='ocrx_word' id='word_1_278' title='bbox 1091 2131 1294 2172; x_wconf 79' lang='lat' dir='ltr'>„multitudi-</span> 
     </span>
    </p>
   </div>
   <div class='ocr_carea' id='block_1_8' title="bbox 162 2175 457 2221">
    <p class='ocr_par' dir='ltr' id='par_1_10' title="bbox 162 2175 457 2221">
     <span class='ocr_line' id='line_1_35' title="bbox 162 2175 457 2221; baseline -0.014 -10"><span class='ocrx_word' id='word_1_279' title='bbox 162 2190 242 2211; x_wconf 89' lang='lat' dir='ltr'>nem</span> <span class='ocrx_word' id='word_1_280' title='bbox 267 2176 392 2221; x_wconf 85' lang='lat' dir='ltr'>pacis.“</span> <span class='ocrx_word' id='word_1_281' title='bbox 418 2175 457 2208; x_wconf 81' lang='lat' dir='ltr'>R.</span> 
     </span>
    </p>
   </div>
   <div class='ocr_carea' id='block_1_9' title="bbox 233 2230 1197 2334">
    <p class='ocr_par' dir='ltr' id='par_1_11' title="bbox 233 2230 1197 2334">
     <span class='ocr_line' id='line_1_36' title="bbox 233 2230 595 2275; baseline 0.006 -13"><span class='ocrx_word' id='word_1_282' title='bbox 233 2230 290 2275; x_wconf 84' lang='lat'>¹⁰)</span> <span class='ocrx_word' id='word_1_283' title='bbox 317 2231 347 2263; x_wconf 90' lang='lat' dir='ltr'>ll</span> <span class='ocrx_word' id='word_1_284' title='bbox 373 2230 455 2264; x_wconf 85' lang='lat' dir='ltr'>Cor.</span> <span class='ocrx_word' id='word_1_285' title='bbox 478 2231 518 2272; x_wconf 86' lang='lat' dir='ltr'>V,</span> <span class='ocrx_word' id='word_1_286' title='bbox 542 2233 595 2266; x_wconf 82' lang='lat'>20.</span> 
     </span>
     <span class='ocr_line' id='line_1_37' title="bbox 234 2286 1197 2334; baseline 0 -15"><span class='ocrx_word' id='word_1_287' title='bbox 234 2286 291 2327; x_wconf 69' lang='lat'>¹¹)</span> <span class='ocrx_word' id='word_1_288' title='bbox 314 2286 407 2321; x_wconf 83' lang='lat' dir='ltr'>Editi</span> <span class='ocrx_word' id='word_1_289' title='bbox 431 2288 479 2331; x_wconf 87' lang='lat' dir='ltr'>(v.</span> <span class='ocrx_word' id='word_1_290' title='bbox 505 2301 532 2321; x_wconf 92' lang='lat' dir='ltr'>c.</span> <span class='ocrx_word' id='word_1_291' title='bbox 558 2288 634 2322; x_wconf 86' lang='lat' dir='ltr'>edd.</span> <span class='ocrx_word' id='word_1_292' title='bbox 663 2287 748 2332; x_wconf 81' lang='lat' dir='ltr'>M.):</span> <span class='ocrx_word' id='word_1_293' title='bbox 773 2288 829 2331; x_wconf 86' lang='lat' dir='ltr'>„in</span> <span class='ocrx_word' id='word_1_294' title='bbox 852 2301 937 2334; x_wconf 75' lang='lat' dir='ltr'>pace</span> <span class='ocrx_word' id='word_1_295' title='bbox 960 2289 1133 2323; x_wconf 84' lang='lat' dir='ltr'>redeunt.“</span> <span class='ocrx_word' id='word_1_296' title='bbox 1157 2286 1197 2320; x_wconf 82' lang='lat' dir='ltr'>R.</span> 
     </span>
    </p>
   </div>
  </div>
 </body>
</html>
