1377 2454
275 68 626 102 Commnnmmonum
650 67 721 101 Lm.
746 67 836 100 vm.
1061 68 1128 103 215

0 161 153 204 gelizant,
185 159 249 190 hoc
275 167 341 198 est,
382 171 467 202 quae
491 156 711 196 annuntiant,
734 155 916 189 videamus.
963 156 1127 200 Quamvis

0 225 63 256 hoc
86 222 205 266 ipsum,
230 221 322 263 quod
348 219 428 252 dicit
453 218 695 260 evangelizare,
720 217 960 262 interpretetur
984 220 1074 251 bona
1091 218 1125 263 ¹)

0 281 204 320 annuntiare,
230 294 316 324 quae
338 281 452 325 sint²)
477 289 590 312 tamen
615 281 723 319 hona,
749 292 836 324 quae
859 280 959 313 bonis
984 280 1125 320 addidit,

0 343 213 387 requiramus.
266 341 385 374 Unum
419 351 452 374 et
481 355 596 374 verum
627 342 758 374 bonum
792 350 840 373 est
870 342 1030 385 Deus‚³)
1065 356 1124 375 cu-

0 404 93 450 jus‘)
116 404 226 445 imago
257 403 416 436 bonitatis
449 413 496 436 est
521 403 646 443 Filius,
685 403 763 446 et⁵)
790 402 935 447 Spiritus
961 402 1042 446 ejus,
1068 403 1125 447 qui

0 466 117 498 dicitur
146 466 268 497 honus.
323 465 416 497 Istud
450 478 528 506 ergo
561 478 666 496 unum
700 466 851 503 bonum,
885 463 961 508 quia
986 464 1018 496 in
1046 464 1125 496 Deo

0 528 109 566 Patre,
141 536 172 558 ct
195 526 302 565 Filio,
328 535 360 558 et
393 526 520 570 Spiritu
553 536 669 559 sancto
704 536 768 566 est,
803 526 901 559 bona
927 525 1124 558 nominavit.

0 590 69 622 {loc
95 598 142 620 est
167 588 275 627 enim,
310 589 403 632 quod
430 587 631 620 annuntiant
663 587 912 630 Evangelistae,
937 588 1124 620 secundum

0 659 209 694 pracceptum
235 649 377 681 Domini
404 659 433 681 et
460 648 642 682 Salvatoris
666 649 791 689 nostri,
818 649 975 682 dicentis:
1001 648 1125 692 ,‚ite,⁶)

0 712 112 744 [lucete
139 724 255 743 omnes
280 720 409 752 gentes,
442 710 649 754 baptizantes
681 724 737 743 eos
769 710 803 743 in
835 711 975 743 nomine
1006 710 1126 750 Patris,

0 782 26 805 et
50 772 136 811 Filii,
163 782 193 805 et
219 772 364 817 Spiritus
389 772 525 805 sancti.“
572 773 663 805 Haec
689 782 766 805 sunt
791 785 869 813 ergo
895 772 1124 813 evangelizan-

0 834 75 866 tium
107 835 206 866 bona.
262 834 330 867 Sed
364 833 523 878 quoniam
557 843 589 866 et
620 833 691 877 ipse
722 835 833 866 bonus
865 833 1002 866 nuntius
1042 832 1125 865 dici-

0 896 103 939 tur‚⁷)
137 896 215 939 ets)
248 894 405 928 nuntiare
431 896 473 927 de
496 894 613 934 bonis,
646 895 702 928 illa
728 896 769 927 sit
793 895 898 935 ratio,
931 896 1023 939 quod
1055 907 1126 926 non

0 958 102 989 solum
128 958 218 989 bona
244 956 416 996 nuntiant,
441 958 499 990 sed
515 957 550 1001 ⁹)
575 966 607 989 et
620 957 707 989 bene
724 957 814 989 bona
838 957 1004 989 nuntiant.
1039 957 1127 989 Sunt

0 1018 85 1050 enim
110 1018 278 1056 nonnulli,
305 1017 361 1061 qui
385 1018 587 1049 annuntiant
618 1019 755 1062 quidem
791 1027 823 1050 et
855 1019 1052 1062 praedicant
1084 1017 1126 1049 de

0 1081 105 1118 Patre,
130 1088 162 1111 et
177 1078 277 1117 Filio,
303 1087 334 1110 et
356 1078 483 1122 Spiritu
503 1088 629 1117 sancto,
652 1080 782 1122 sed¹⁰)
803 1093 873 1111 non
896 1079 1034 1117 sincere,
1054 1091 1126 1110 non

0 1141 138 1181 integre:
164 1149 202 1171 ut
223 1149 301 1172 sunt.
327 1153 444 1172 omnes
469 1139 645 1179 haeretici,
672 1140 729 1184 qui
753 1140 889 1173 Patrem
915 1140 1067 1185 quidem,
1093 1148 1126 1172 et

0 1202 140 1240 Filium,
176 1210 207 1233 et
237 1201 399 1244 Spiritum
432 1210 584 1233 sanctum
609 1201 825 1241 annuntiant,
849 1203 907 1234 sed
932 1215 1001 1233 non
1027 1202 1125 1240 bene,

0 1263 179 1307 nequen)
215 1262 360 1294 fideliter
392 1262 601 1294 annuntiant.
650 1264 718 1295 Aut
744 1262 831 1295 enirn
858 1263 946 1294 male
970 1271 1126 1306 separant

0 1324 120 1356 Filium
153 1337 169 1355 a
199 1324 315 1362 Patre,
341 1332 378 1355 ut
402 1323 536 1356 alterius
560 1333 700 1356 naturae
725 1324 881 1363 Patrem,
904 1324 1040 1356 alterius
1064 1323 1123 1356 Fi·-

0 1385 77 1418 lium
104 1384 231 1424 dicant3
264 1393 321 1417 aut
352 1385 440 1417 male
471 1385 706 1425 confundunt,
737 1395 776 1418 ut
807 1385 930 1429 vel¹²)
955 1399 993 1418 ex
1018 1385 1125 1418 tribus

92 1479 124 1522 Ι)
148 1479 236 1512 Edd.
261 1477 416 1510 Merlini:
440 1479 582 1512 bonum.

88 1535 124 1578 ²)
149 1535 236 1567 Edd.
261 1534 415 1568 Merlini:
442 1543 529 1567 sunt.
624 1535 661 1577 ³)
687 1535 758 1568 Cfr.
780 1534 901 1570 Matth.
925 1535 1020 1575 XIX,
1047 1536 1096 1569 17.

88 1591 124 1633 ⁴¹)
149 1591 234 1623 Edd.
267 1590 422 1622 Merlini:
468 1589 582 1635 „cujus
616 1589 725 1633 imago
763 1591 925 1624 bonitatis
955 1590 1025 1637 ejus
1058 1596 1124 1624 est“

0 1647 56 1670 etc.
82 1636 151 1670 Csr.
176 1637 254 1679 Sap.
281 1636 406 1668 Salom.
433 1635 507 1673 VH,
532 1636 584 1669 26,

90 1692 124 1734 5)
150 1691 231 1723 Mac.
257 1691 337 1731 ch.
361 1704 452 1723 num.
479 1690 574 1725 1639.
600 1701 655 1731 „et
680 1692 736 1736 qui
770 1691 915 1735 Spiritus
947 1690 1017 1736 ejus
1043 1692 1123 1725 dici-

0 1747 59 1769 tur.
111 1737 205 1768 Istud
238 1740 339 1778 erg0“
372 1744 433 1768 etc.
471 1735 508 1768 R.
543 1756 583 1761 —
620 1736 689 1769 Cfr.
721 1737 843 1769 Psalm.
880 1737 1038 1778 CXLIII,
1072 1739 1124 1773 10.

0 1780 170 1826 (CXLII.)

89 1837 125 1881 ⁶)
149 1837 270 1869 Matth.
295 1837 457 1876 XXVIII,
481 1837 533 1871 19.
628 1837 663 1881 ⁷)
688 1837 786 1870 Jesai.
804 1838 875 1878 LII,
898 1839 930 1872 7.

91 1892 128 1935 ⁸)
152 1893 240 1925 Edd.
265 1892 422 1925 Merlini:
448 1902 480 1925 et
504 1892 705 1925 annuntiare
730 1903 791 1926 etc.

91 1946 127 1991 ⁹)
152 1947 234 1980 Msc.
258 1961 345 1980 unus
378 1949 459 1989 Reg.
493 1962 585 1981 num.
617 1949 713 1983 1639.
745 1950 823 1988 „sed
855 1959 887 1981 et
918 1950 1006 1981 bene
1038 1962 1123 1981 uuu-

0 1992 90 2024 tiant.
145 1992 243 2024 Bona
257 2002 334 2024 sunt
354 1992 453 2032 enim,
479 2006 563 2037 quae
577 1993 735 2026 nonnulli
753 1993 954 2026 annuntiant
970 1992 1127 2037 quidem“

1 2047 60 2070 etc.
107 2037 173 2069 Sed
200 2036 299 2068 ceteri
324 2038 420 2077 Mss.‚
444 2038 621 2078 Iubmus,
655 2048 687 2072 et
723 2039 801 2073 editi
833 2039 878 2084 (e.
904 2053 930 2073 c.
959 2039 1034 2072 edd.
1059 2039 1126 2081 M.)

0 2091 37 2115 ut
61 2081 95 2113 in
120 2091 236 2114 nostro
261 2090 362 2114 textu.
385 2083 427 2114 R.

73 2138 129 2182 ¹⁰)
155 2138 258 2170 Deest
282 2138 380 2175 „sed“
405 2137 440 2170 in
464 2139 541 2171 edd.
565 2139 614 2171 M.

72 2193 129 2238 ¹¹)
154 2194 241 2226 Edd.
266 2191 419 2225 Merlini:
444 2207 514 2226 non
540 2195 683 2229 fideliter
707 2205 768 2230 etc.

74 2249 132 2293 ¹²)
155 2249 260 2282 Deest
283 2249 376 2289 ‚‚vel“
401 2247 435 2282 in
460 2251 536 2282 edd.
561 2251 608 2283 M.
