1320 2444
176 65 245 100 290
451 64 629 99 Omonms
652 74 690 99 m
713 65 776 99 ΕΡ.
799 75 846 99 An
872 66 1051 101 Rolmmos

178 156 362 201 placitum,
398 164 429 188 et
452 156 675 200 perfectum.“
724 155 810 201 δί’)
841 159 1032 192 secundum
1062 158 1130 192 hoc
1159 159 1307 200 legamus

180 219 274 262 quod
299 217 333 250 in
359 217 468 250 latinis
492 216 678 251 Codicibus
697 217 895 259 invenimus,
919 219 976 252 hic
1001 220 1062 253 erit
1084 233 1215 253 sensus:
1240 221 1310 265 quiz

179 280 335 313 voluntas
358 279 426 311 Dei
454 287 514 317 cst,
552 279 715 324 quicquid
747 280 900 319 bonum,
934 290 966 313 et
988 282 1257 326 beneplacitum,
1289 295 1305 314 e

178 342 366 385 perfectum
394 349 457 372 est:
482 354 544 372 nec
557 340 592 384 ²)
624 351 735 385 potest
771 341 861 374 aliud
887 342 972 375 velle
995 342 1106 383 Deus,
1137 343 1200 377 nisi
1225 345 1313 388 quod

178 404 312 435 bonum
339 411 402 435 est:
430 410 461 433 et
484 402 601 446 utique
626 404 719 447 quod
744 404 877 435 bouum
905 413 951 436 est
975 413 1006 436 et
1028 405 1227 448 perfectum,
1249 405 1313 439 siu(

181 464 288 497 dubio
315 464 381 496 hoc
407 462 483 495 Deo
510 464 630 508 placet.
678 464 715 497 Si
738 478 819 497 vero
844 466 1033 498 secundum
1052 466 1130 506 hoc,
1155 468 1247 510 quod
1271 467 1314 500 di·

179 526 287 559 ximus
315 526 406 569 apud
433 523 583 558 Graecos
608 526 743 566 haberi,
769 526 804 559 id
830 536 894 559 est:
918 537 977 566 „ut
989 527 1025 572 ³)
1048 528 1211 572 probetis,
1235 541 1315 572 quae

180 587 222 620 sit
245 588 399 619 voluntas
432 585 498 619 Dei
521 589 632 629 bona,
669 598 701 621 et
725 588 953 633 beneplacita,
979 598 1010 622 et
1032 591 1181 634 perfecta
1193 593 1221 622 :“
1244 598 1317 634 pot-

182 648 277 689 est⁴)
303 647 442 692 quidem
474 649 584 689 idem,
619 650 713 694 quod
742 664 844 694 supra
877 650 1039 691 diximus,
1071 650 1194 691 videri,
1226 651 1318 695 quod

182 714 292 747 omnis
318 716 472 747 voluntas
497 711 563 744 Dei
590 713 682 744 bona
706 712 755 750 sit,
783 721 813 744 et
838 712 1071 756 beneplacita,
1109 722 1140 745 et
1163 714 1319 757 perfecta.

180 776 296 809 Potest
329 785 440 808 autem
483 784 515 808 et
545 775 610 806 tale
643 773 770 817 aliquid
803 773 838 805 in
870 773 919 805 his
952 773 1167 807 sermonibus
1197 773 1320 813 sentiri,

183 837 261 882 quia
286 837 351 870 Dei
377 837 515 881 quidem
540 836 693 868 voluntas
717 848 852 879 semper
870 836 963 868 bona
983 844 1039 875 est,
1062 837 1121 869 sed
1139 849 1212 868 non
1235 848 1320 867 sem-

181 913 244 944 per
267 899 409 941 bona⁵)
436 897 506 941 ejus
531 898 703 929 voluntate
720 896 906 940 dispensari
930 909 1112 936 meremur,
1137 910 1248 941 neque
1262 897 1320 928 be-

182 960 352 1004 neplacita
379 969 409 992 et
434 959 594 1004 perfecta.
643 957 746 989 Verbi
773 971 888 997 causa,
913 967 950 990 ut
974 967 1157 1000 ungeretur
1181 958 1263 990 Saul
1287 957 1320 990 in

182 1033 313 1062 regem,
346 1021 409 1053 fuit
434 1020 572 1064 quidem
606 1020 761 1052 voluntas
793 1018 878 1058 Dei,
913 1020 972 1052 sed
1003 1033 1075 1052 non
1100 1019 1320 1063 beneplacita¹

181 1095 295 1126 neque
319 1082 478 1126 perfecta.
525 1081 674 1113 Irasceris
688 1081 723 1123 6“)
749 1080 840 1113 enim
865 1081 1010 1125 populo,
1042 1080 1099 1125 qui
1123 1082 1320 1113 refutaverat

181 1144 298 1176 Deum
324 1143 450 1176 habere
474 1156 576 1187 super
598 1155 632 1176 se
657 1154 788 1183 regem,
824 1154 936 1183 regem
968 1142 1006 1176 iis
1030 1141 1207 1174 hominem
1231 1140 1320 1187 jussit

183 1204 319 1238 institui.
360 1205 428 1238 Sed
449 1214 479 1237 et
504 1206 673 1249 propheta
699 1217 735 1237 ex
760 1217 907 1248 persona
930 1204 997 1237 Dei
1023 1205 1118 1237 dicit:
1142 1202 1320 1246 „dimisi⁷]

184 1280 241 1299 eos
265 1267 452 1299 secundum
479 1266 644 1299 desideria
678 1265 791 1299 cordis
824 1278 963 1306 eorum,
996 1275 1034 1299 ut
1057 1267 1144 1299 irent
1166 1266 1201 1298 in
1229 1264 1320 1310 cupi-

183 1328 343 1361 ‹litatihus
374 1327 473 1361 suis.“
527 1327 583 1360 Sic
617 1340 695 1368 ergo
729 1327 913 1372 aliquando
946 1327 983 1359 fit
1010 1328 1165 1360 voluntas
1195 1327 1262 1360 Dei
1288 1327 1320 1360 in

183 1389 251 1428 his,
282 1389 366 1432 in⁸)
403 1390 524 1433 quibus
558 1388 832 1432 concupiscimus
867 1397 898 1421 et
937 1388 1182 1421 desideramus:
1213 1388 1271 1421 sed
1288 1387 1320 1431 ⁹]

185 1451 243 1494 qui
269 1460 450 1483 renovatus
484 1460 531 1483 est
562 1464 678 1488 sensu,
710 1451 860 1494 probare
884 1451 1002 1488 debet,
1026 1450 1052 1482 si
1076 1451 1230 1482 voluntas
1257 1448 1320 1481 Dei

184 1512 268 1544 haec
293 1513 385 1544 hona
413 1522 469 1552 est,
496 1512 598 1556 et¹⁰)
623 1511 844 1555 beneplacita,
870 1521 970 1556 alque
997 1513 1164 1556 perfecta,
1197 1519 1228 1543 et
1251 1523 1320 1543 non

279 1617 313 1662 ¹)
342 1618 473 1650 Desunt
503 1617 538 1649 in
563 1617 657 1650 lib1is
683 1626 779 1650 antea
805 1616 900 1650 editis
932 1617 978 1662 (v.
1005 1631 1031 1650 c.
1059 1618 1135 1653 edd
1159 1615 1227 1660 M.)
1253 1629 1320 1648 ver-

183 1664 243 1695 bn.
269 1663 328 1702 „Si
353 1664 541 1695 smundum
568 1663 634 1695 hoc
659 1663 818 1702 legamus,
843 1683 897 1702 -—‚
922 1663 977 1695 hic
1002 1663 1062 1695 elit
1085 1675 1216 1695 sensus:
1245 1660 1320 1705 quia

182 1729 237 1748 -—‚
259 1708 423 1752 quicquid
441 1709 582 1747 bonum,
600 1717 631 1739 et
649 1708 912 1751 beneplacitum,
938 1717 969 1740 ct
986 1722 1047 1753 pel
1050 1709 1175 1740 fectum
1191 1715 1247 1740 est.
1250 1711 1268 1725 “
1283 1705 1320 1738 R.

276 1764 313 1806 ²)
340 1763 431 1796 Editi
456 1766 502 1808 (v.
529 1777 556 1796 c.
582 1764 658 1796 edd.
685 1763 769 1808 M.):
794 1764 895 1803 „Non
919 1767 1051 1808 potest“
1075 1772 1136 1796 etc.
1161 1762 1200 1796 R.

277 1819 315 1862 ³)
339 1820 441 1852 Rom.
471 1819 548 1859 XII,
575 1821 606 1853 2.

277 1875 313 1918 ⁴)
340 1875 516 1907 Rabanus:
549 1884 682 1919 „potest
713 1875 870 1919 quidem,
901 1884 938 1907 ut
961 1887 1064 1919 supra
1090 1874 1248 1914 diximus,
1274 1872 1320 1906 vi-

184 1921 266 1960 deri,
292 1922 408 1964 qu0d“
434 1930 495 1953 etc.
520 1920 547 1952 R

279 1975 315 2020 ⁵)
341 1976 429 2009 Edd.
455 1975 613 2008 Merlini:
639 1974 709 2020 ejus
732 1976 825 2008 bona
848 1976 1033 2009 voluntate.

276 2031 313 2077 ὅ)
339 2032 354 2063 Ι
379 2032 470 2065 Sam.
494 2031 569 2069 VII,
595 2032 624 2065 ’7.
650 2045 740 2075 seqq.
766 2032 800 2076 (I
826 2030 956 2076 Regg.)

276 2088 312 2131 ⁷)
336 2087 458 2122 Psalm.
488 2087 648 2126 LXXXI,
674 2089 726 2122 12.
753 2087 932 2132 (LXXX.)

275 2144 312 2186 3)
338 2145 441 2177 Deest
465 2144 542 2182 ‚‚in“
563 2143 599 2175 in
625 2144 702 2176 edd.
729 2144 777 2176 M.

276 2201 313 2244 ς’)
338 2201 426 2234 Edd.
452 2199 607 2232 Merlini:
634 2200 702 2232 Sed
729 2209 760 2231 et
785 2199 841 2244 qui
867 2209 925 2233 etc.

256 2257 312 2300 ¹⁰)
337 2257 439 2291 Deest
464 2260 536 2295 ‚‚et“
560 2256 595 2289 in
622 2257 696 2289 edd.
722 2255 772 2287 M.
