1377 2454
232 85 300 119 210
501 82 679 115 Omanms
703 91 739 114 m
763 81 826 115 ΕΡ.
851 91 898 115 An
923 81 1104 115 Rommos

240 184 354 208 autem
379 174 482 206 offert
504 173 616 213 Patri,
639 172 784 217 Spiritus
802 172 836 217 ¹)
865 180 998 205 sanctus
1023 171 1169 216 suscipit,
1194 180 1233 204 ut
1256 162 1368 204 sancti-

239 238 318 270 ficet
355 249 431 275 eos,
468 245 501 268 et
542 245 705 279 tanquam
738 233 891 267 coelestis
932 234 1090 267 ecclesiae
1127 233 1367 278 primitivorun

240 298 394 330 membra
418 297 570 336 vivificet,
596 306 697 341 atque
721 296 755 328 in
781 295 985 329 soliditatem
1010 295 1113 327 totius
1130 295 1282 339 corporis
1300 308 1369 339 per-

241 359 493 403 fectionemque
518 358 678 396 restituat.
703 358 784 402 et2)
816 357 861 390 ita
887 358 1024 390 demum
1056 357 1192 390 ecclesia
1218 356 1285 389 Dei
1310 370 1368 388 nol

243 422 371 454 habens
412 421 597 460 maculam,
649 433 761 464 neque
797 432 933 461 rugam,
974 417 1137 463 appellari
1178 428 1370 450 mereantur

242 483 391 528 Prius³)
415 496 493 524 ergo
527 495 628 526 quam
661 483 703 514 ad
735 482 878 523 gradum
907 480 1000 514 istius
1034 479 1251 524 perfectionis
1286 492 1370 512 acce-

244 546 342 584 dant,
368 554 529 588 tanquam
554 542 749 576 mediatoris
775 542 842 575 Dei
874 551 906 575 et
929 541 1108 574 hominum
1134 541 1294 573 invocant
1317 554 1371 572 no-

244 621 321 640 men
347 606 490 639 Domini
515 605 622 638 nostri
646 607 727 638 Jesu
755 604 895 637 Christi:
920 613 1037 648 postea
1062 617 1142 636 vero
1177 616 1277 647 quam
1304 602 1372 647 spi*

244 669 327 702 ritus
357 668 423 701 Dei
448 667 549 700 suerit
573 668 607 700 in
634 668 737 699 corde
763 680 902 705 eorum,
928 667 1092 698 clamans:
1118 664 1298 707 ,‚Ahba,⁴)
1322 677 1372 708 pa-

246 730 334 764 ter!“
358 730 429 774 ipse
455 729 601 774 Spiritus
634 729 739 773 eos⁵)
775 727 875 761 etiam
901 740 1027 760 nomen
1054 726 1162 760 Patris
1187 728 1308 759 edocet
1332 726 1373 758 in·

246 806 376 825 vocare.
423 793 504 825 Ideo
518 791 554 835 Ε)
580 804 658 832 crgo
684 790 904 834 „quomodo‚
936 788 1064 834 inquit,
1095 788 1319 827 invocabunt,
1350 787 1371 819 ix

247 868 347 899 quem
372 867 443 886 non
466 852 683 885 crediderunt
702 852 738 884 ?“
764 861 795 883 et
814 851 849 883 in
872 852 936 883 hoc
964 849 1145 882 arctissima
1170 863 1227 882 eos
1245 850 1374 882 conclu*

247 916 341 949 sione
358 913 564 956 constringit.
587 914 696 951 Salus,
713 912 833 957 inquit,
848 926 919 944 non
936 921 983 944 est
998 911 1061 944 nisi
1074 911 1255 943 invocanti.
1273 912 1374 942 Nem(

246 991 325 1010 vero
340 977 483 1015 invocat,
498 974 555 1020 qui
577 987 647 1007 non
672 974 787 1006 credit.
824 975 916 1015 Ergo
951 972 1028 1017 quia
1051 986 1122 1004 non
1150 972 1294 1010 creditis,
1316 985 1373 1003 not

249 1038 421 1077 invocatis,
438 1047 468 1069 ct
483 1036 559 1080 quia
575 1049 646 1067 non
662 1035 834 1073 invocatis,
848 1048 919 1067 non
936 1032 1119 1067 salvamini.
1136 1034 1202 1066 Sed
1220 1046 1377 1077 „quomo-

250 1099 355 1143 do‚⁷)
378 1097 547 1142 inq11it‚³)
567 1098 706 1129 credent
729 1096 768 1136 ei,
799 1110 899 1141 quem
917 1109 988 1128 non
1016 1094 1243 1128 audierunt?“
1281 1094 1376 1137 Quo(

248 1175 339 1202 „non
361 1160 562 1193 audier11nt“
580 1172 758 1203 possumus
776 1157 820 1190 sic
837 1158 1032 1200 intelligere,
1064 1157 1141 1201 quia
1159 1157 1209 1189 vel
1226 1156 1336 1200 ipsum
1354 1155 1375 1187 il

252 1237 352 1256 carne
367 1223 528 1267 positum,
549 1222 600 1253 vel
617 1221 801 1265 Apostolos
823 1219 893 1265 ejus
906 1219 942 1265 9)
958 1219 1190 1264 praedicantes
1216 1220 1257 1251 de
1272 1231 1311 1250 eo
1329 1231 1377 1250 au·

254 1286 325 1318 dire
341 1282 523 1317 noluerint.
539 1282 596 1327 ¹⁰)
621 1282 677 1315 Sic
695 1281 784 1314 enim
799 1281 914 1326 etipse
933 1280 1102 1313 Dominus
1117 1280 1213 1314 dicit:
1238 1279 1315 1324 „qui
1332 1281 1341 1299 ¹
1356 1279 1377 1319 ¹1

349 1384 381 1428 Ι)
406 1383 498 1416 Editi
529 1382 576 1426 (e.
602 1395 629 1414 e.
655 1382 731 1414 edd.
758 1381 842 1421 Μ.);
875 1381 1041 1426 „Spiritus
1067 1380 1220 1424 suscipit,
1252 1388 1288 1411 ut
1313 1393 1369 1411 san

253 1431 374 1463 ctificet
391 1443 457 1467 eos,
474 1438 633 1471 tanquam
650 1427 822 1459 coelestis“
838 1436 897 1459 etc.
915 1428 955 1459 R.
977 1446 1017 1451 —
1036 1426 1105 1458 Cfr.
1124 1426 1227 1458 Hebr.
1243 1424 1320 1462 ΧΠ,
1337 1425 1377 1457 23

348 1486 384 1529 2)
411 1484 500 1516 Editi
534 1485 581 1525 (v.
617 1496 644 1515 c.
671 1483 746 1514 edd.
774 1482 859 1525 M.):
892 1492 951 1521 „ut
990 1482 1033 1515 ita
1073 1482 1210 1514 demum
1252 1480 1377 1512 ecclesi}

255 1531 321 1565 Dei
357 1544 429 1562 non
468 1530 595 1561 habens
626 1528 794 1560 maculam
828 1536 884 1559 aut
916 1532 1053 1569 rugam“
1087 1536 1137 1558 etc
1181 1527 1220 1558 R.
1251 1545 1292 1550 —
1320 1525 1377 1557 Cfr

255 1577 378 1620 Ephes.
402 1576 442 1613 V,
466 1575 520 1608 ⁶27.

350 1632 386 1675 3)
411 1632 459 1663 Ita
492 1630 661 1662 Rabanus.
695 1628 777 1660 Msc.
810 1628 891 1669 Reg.
916 1641 1009 1660 num.
1036 1627 1132 1660 1639.
1157 1626 1275 1666 „Prius
1301 1625 1377 1658 enin

257 1690 358 1722 quam
389 1677 431 1708 ad
463 1695 500 1699 —-
536 1675 760 1712 adscendant,
798 1682 960 1716 tanquam
996 1693 1033 1697 —-
1067 1673 1225 1704 invocant
1262 1685 1377 1703 nomm

257 1722 421 1755 Domini⁴‘
447 1730 505 1753 etc.
545 1719 656 1752 Ceteri
674 1719 753 1751 Mss.
779 1727 810 1750 et
833 1717 913 1750 editi
937 1718 982 1762 (e.
1009 1730 1036 1751 c.
1064 1718 1137 1750 edd.
1163 1717 1246 1761 Μ.);
1270 1716 1373 1755 „Priu

257 1781 336 1810 ergo
363 1768 404 1799 ad
428 1766 524 1809 (edd.
551 1764 706 1797 Mcrlini:
736 1762 843 1795 Prius
863 1774 948 1807 ergo
968 1775 1078 1807 (suam
1096 1761 1165 1804 αιῖ)
1191 1762 1330 1803 gradum
1347 1783 1377 1790 .-

257 1813 427 1850 accedant‚
452 1821 613 1855 tanquam
639 1830 679 1835 —-
705 1808 862 1841 invocent
886 1821 1014 1840 nomen
1040 1807 1202 1839 Domini“
1228 1815 1288 1839 etc.
1316 1807 1354 1838 R.

351 1867 387 1911 ⁴)
411 1867 510 1899 Rom.
534 1865 626 1904 VIII,
652 1866 704 1899 15.
800 1864 834 1907 ⁵)
858 1864 947 1896 Edd.
971 1862 1128 1895 Nlerlini:
1155 1862 1252 1895 etiam
1279 1875 1345 1894 eos.

351 1923 388 1967 ὅ)
413 1923 490 1955 Mss.
517 1921 675 1966 quidam:
701 1919 815 1959 „Idem
840 1917 966 1963 inquit:
994 1919 1171 1962 quomodo
1190 1931 1268 1959 ergo
1294 1917 1372 1949 invo

258 1970 404 2002 cabunt“
436 1976 496 2000 etc.
550 1967 618 1999 Sed
649 1966 733 1998 Msc.
765 1965 846 2006 Reg.
882 1977 974 1996 num.
1010 1964 1126 2003 1639„
1156 1964 1337 2000 Rabanus,
1360 1975 1377 1994 e

258 2013 339 2047 editi
370 2012 418 2057 (v.
448 2025 473 2045 c.
515 2012 591 2044 cdd.
628 2010 698 2054 Μ.)
733 2018 771 2041 ut
808 2009 844 2041 in
878 2018 997 2041 nostro
1035 2017 1137 2041 textu.
1172 2009 1213 2041 R.
1237 2028 1280 2034 -—
1320 2007 1377 2040 Cfr

256 2060 358 2092 Rom.
393 2058 437 2095 X,
462 2057 514 2089 14.

351 2113 388 2158 ⁷)
412 2113 512 2145 Rom.
537 2113 582 2151 X,
607 2112 660 2145 14.

350 2168 388 2213 ⁸)
412 2169 516 2201 Deest
539 2167 574 2200 in
599 2167 696 2201 editis
718 2166 766 2211 (v.
792 2179 816 2199 c,
843 2166 920 2198 edd.
949 2165 1037 2210 ΜΛ)
1063 2164 1224 2208 „inquit.“
1247 2164 1288 2196 R.

349 2225 386 2269 ⁹)
412 2225 451 2257 In
475 2223 570 2258 editis
593 2223 641 2267 (v,
667 2236 694 2256 c.
720 2222 796 2254 edd.
822 2220 889 2265 Μ.)
918 2220 1085 2255 omittitur
1107 2219 1230 2264 „ejus.“
1260 2220 1300 2252 R.

327 2280 386 2325 ¹⁰)
409 2281 499 2314 Edd.
523 2278 680 2313 Merlini:
704 2278 900 2312 noluerunt.
997 2278 1053 2320 ¹¹)
1078 2276 1159 2309 Luc.
1183 2276 1228 2319 X,
1255 2274 1306 2310 16.
