1377 2454
134 566 416 608 ORIGENIS
457 564 1045 608 COMMENTARIORUM

572 676 610 698 IN

359 756 813 789 EPlSTOLAM

24 862 209 907 BEATI
246 862 436 907 PAULI
467 862 687 907 APOST.
722 862 803 906 AD
837 862 1154 907 ROMANOS

419 971 452 1011 L
472 984 486 1011 1
502 984 525 1011 B
542 984 566 1011 E
585 984 610 1011 R
649 972 756 1013 VIII.

25 1210 53 1241 1.
76 1173 271 1248 „Fr-atres,
289 1209 321 1252 ¹)
357 1211 509 1243 <minutas
536 1210 674 1254 quidem
696 1210 808 1243 cordis
832 1211 919 1250 mei,
942 1220 974 1243 ct
998 1212 1154 1245 obsecra—

25 1273 70 1306 tio
105 1274 194 1317 apud
227 1272 338 1304 Deum
373 1273 410 1304 fit
436 1286 500 1315 pro
534 1272 597 1306 illis
629 1272 663 1305 in
695 1273 847 1304 salutem.
904 1271 1154 1308 Testimonium

23 1334 111 1366 enim
131 1333 294 1377 perhibeo
320 1332 394 1371 iilis,
419 1335 513 1376 quod
539 1333 802 1366 aemulationem
825 1332 891 1364 Dei
915 1333 1073 1374 habeant,
1096 1339 1152 1369 sed

20 1408 92 1427 non
116 1395 302 1427 secundum
327 1394 510 1427 scientiam.
559 1394 754 1436 Ignorantes
779 1394 869 1426 enim
894 1394 961 1427 Dei
984 1394 1154 1440 justitiam,

22 1465 53 1488 et
74 1468 169 1488 suam
193 1454 350 1500 justitiam
372 1466 569 1499 quaerentes
583 1456 799 1495 constituere,
823 1454 968 1501 justitiae
992 1458 1059 1492 Dei
1083 1474 1152 1494 non

21 1526 98 1550 sunt
118 1515 292 1561 subjecti.“
338 1517 382 1550 Et
405 1531 441 1550 ex
471 1517 584 1556 initio,
618 1526 649 1550 et
680 1519 938 1563 procedente²)
968 1529 1058 1553 textu
1084 1523 1154 1566 epi-

20 1579 143 1617 stolae,
168 1577 311 1611 diximus
335 1577 481 1611 Paulum
506 1592 598 1611 nunc
621 1593 685 1623 pro
714 1579 900 1620 Gentibus,
935 1595 1027 1615 nunc
1053 1583 1152 1617 etiam

20 1653 83 1684 pro
109 1640 208 1672 lsrael
233 1640 345 1672 facere
367 1653 570 1673 sermonem.
620 1640 710 1683 Quia
736 1653 814 1681 ergo
841 1641 875 1673 in
895 1641 954 1681 his,
979 1655 1065 1686 quae
1089 1658 1153 1676 nu-

19 1714 81 1746 per
105 1701 253 1745 exposita
277 1710 364 1740 sunt,
388 1701 500 1733 multis
527 1701 724 1734 testimoniis
748 1703 925 1734 adversum
950 1703 1051 1737 lsrael
1075 1720 1153 1739 usus

20 1772 66 1796 est
90 1763 356 1807 prophetarum,
391 1762 435 1794 ita
460 1772 497 1795 ut
520 1765 688 1807 proferret
713 1765 755 1796 de
778 1763 891 1797 Esaia:
918 1764 1001 1803 „nisi
1016 1767 1052 1810 ³)
1077 1767 1153 1800 Do-

19 1824 128 1857 minus
153 1824 306 1856 Sabaoth
334 1824 518 1868 reliquisset
541 1826 640 1858 nobis
663 1839 788 1864 semen,
813 1827 898 1859 sicut
925 1826 1077 1861 Sodoma
1104 1830 1152 1861 sa—

20 1884 62 1917 cti
88 1898 240 1924 essemus,
266 1894 297 1917 et
319 1885 406 1919 sicut
431 1886 629 1920 Gomorrha
653 1887 776 1920 similes
799 1888 1012 1920 fuissemus:“
1037 1899 1068 1921 ct
1091 1889 1151 1922 ite-

112 2030 147 2073 ')
173 2030 271 2063 Rom.
299 2030 342 2069 Χ,
368 2033 396 2065 1.
423 2031 452 2063 2.
479 2030 510 2064 3.

110 2085 146 2128 ²)
172 2085 228 2118 Sic
254 2098 370 2118 omncs
395 2084 472 2118 Mss.
499 2086 617 2118 nostri.
642 2086 732 2119 Editi
757 2099 836 2120 vero
862 2089 909 2131 (v.
937 2102 962 2120 c.
982 2090 1057 2121 edd.
1082 2089 1149 2132 Μ.)

17 2143 215 2174 perperam:
249 2132 524 2173 ,‚pr:1ece‹lente.“
580 2130 670 2164 Loca
706 2131 760 2165 hic
794 2133 890 2166 cit-’ita
924 2134 966 2166 ab
1002 2135 1149 2174 Origene

18 2175 234 2220 reperiuntur
264 2188 365 2218 snpra
398 2175 498 2208 Tum.
532 2175 587 2208 ΙΙΙ.
621 2190 713 2209 num.
750 2180 776 2212 1.
812 2180 842 2210 2.
870 2188 901 2211 et
924 2179 967 2218 9.,
992 2188 1023 2211 et
1048 2178 1147 2213 Tom.

17 2220 74 2253 VI.
98 2234 191 2253 num.
217 2220 246 2254 8.
275 2219 313 2252 R.

107 2275 144 2318 ³)
169 2275 269 2309 Rom.
295 2275 355 2315 IX,
379 2276 431 2310 29.
457 2277 533 2308 coll.
559 2276 657 2310 Jesai.
684 2277 709 2317 l,
732 2277 762 2310 9.
